2007 2677
796 225 947 242 ...--
981 206 1136 261 (240)

264 329 378 370 cium
413 323 612 364 fibrarum
648 319 851 371 absumit,
906 333 983 361 nec
1019 322 1112 363 finit
1145 321 1309 363 moueri
1346 319 1462 362 sedes
1511 319 1698 362 fixiores.
1768 319 1859 363 Vbi

265 403 369 432 vero
404 385 618 427 absolutus
655 385 711 425 est
745 393 888 425 motus
925 387 1051 438 partis
1097 387 1293 437 mediae,
1346 387 1447 426 dum
1482 384 1641 426 scilicet
1674 387 1717 426 in
1752 386 1862 426 line-

261 466 328 494 am
364 451 518 492 tetram
553 462 701 503 margo
738 461 957 490 convexus
1009 460 1192 491 mutatus
1228 450 1309 501 est,
1363 459 1454 490 tum
1489 450 1642 501 etiam,
1695 449 1723 489 fi
1758 463 1861 503 por·-

259 529 311 558 ro
367 515 497 556 fibrae
551 513 590 555 se
644 512 895 554 contrahere
947 525 1148 570 pergant,
1211 514 1327 555 sedes
1382 514 1479 555 illae
1532 513 1733 565 fixiores‚
1787 513 1859 555 nifi

260 580 444 622 omnino
496 578 743 620 immobiies
798 577 923 629 sunt,
987 579 1124 620 motui
1177 579 1378 619 fibrarum
1429 579 1580 619 cedere
1634 578 1858 632 incipiunt.

259 644 398 688 Nullo
434 644 568 684 modo
622 652 765 684 autem
818 642 1064 683 immobiles
1120 642 1212 684 illas
1249 642 1327 682 effe
1364 641 1485 681 facile
1522 651 1648 695 patet.
1717 642 1858 682 Filum

258 710 377 752 enim
412 707 733 761 cartilagineum
767 705 970 760 posterius
1020 707 1225 748 finistrum
1277 705 1429 747 actioni
1463 704 1662 746 fibrarum
1697 707 1857 747 ordinis

259 773 386 829 primi
424 772 538 813 cedit
572 770 629 813 ob
666 771 873 812 fixitatem
909 770 1052 821 striae,
1090 770 1453 825 quemadmodum
1490 770 1531 810 in
1575 769 1856 823 superioribus

260 837 468 895 apparuit.
534 836 622 889 Jam
660 833 791 889 iilud,
849 835 966 891 quod
1000 835 1197 892 proxime
1234 832 1443 890 sequitur,
1495 834 1760 875 interstitium
1793 836 1858 876 in-

261 913 325 946 ter
361 902 545 946 anterius
581 911 624 944 et
657 901 861 958 posterius
897 902 1045 953 filum,
1101 900 1300 943 cellulosa
1351 899 1587 956 repletum„
1642 900 1753 942 haud
1788 899 1858 941 fir-

260 970 372 1010 mius
409 967 529 1018 sane,
585 967 685 1020 quin
736 965 910 1006 mollius
964 966 1107 1019 potius
1161 966 1490 1019 extenfiliusque
1526 965 1582 1007 est
1616 965 1690 1006 filo
1724 964 1859 1018 poste·

258 1033 364 1074 riori
403 1031 585 1078 finistro;
639 1040 682 1070 et
715 1030 876 1084 primae
910 1028 1040 1071 fibrae
1077 1030 1237 1071 ordinis
1274 1029 1470 1081 secundi,
1507 1029 1557 1070 ab
1592 1043 1645 1070 eo
1682 1028 1859 1069 intersti-

259 1097 321 1137 tio
358 1104 503 1147 ortae,
555 1093 671 1135 striae
710 1106 883 1147 quoque
921 1095 1180 1136 extremitati
1214 1093 1288 1148 ipfi
1332 1094 1592 1141 inseruntur;
1645 1103 1687 1134 et
1722 1094 1861 1133 conti-

257 1172 347 1201 nuo
382 1159 475 1214 post
511 1158 638 1213 primi
675 1158 835 1199 ordinis
871 1157 997 1199 fibras
1035 1157 1287 1213 sequuntur3
1324 1166 1370 1198 vt
1404 1166 1603 1209 tanquam
1638 1157 1859 1198 continua-

257 1223 397 1265 tiones
454 1236 599 1264 earum
651 1222 903 1264 confiderari
955 1223 1122 1277 poffint.
1193 1222 1376 1264 Nullum
1414 1220 1591 1261 dubium
1640 1233 1743 1273 ergo
1778 1220 1859 1272 est,

259 1288 363 1343 quin
397 1287 554 1343 pariter
588 1296 632 1327 et
664 1286 935 1328 interstitium
986 1287 1119 1340 illud,
1170 1287 1306 1327 immo
1342 1296 1385 1327 et
1419 1285 1513 1326 finis
1549 1284 1613 1325 fili
1649 1282 1887 1338 cartilagi-·¹

256 1353 328 1394 nei
381 1351 525 1392 finistri
578 1351 827 1401 anterioris,
880 1364 961 1391 vna
996 1364 1094 1391 cum
1128 1350 1204 1391 filo
1240 1351 1398 1391 finistro
1450 1349 1669 1403 posteriori
1721 1348 1860 1389 motui

260 1415 467 1457 fibrarum
521 1415 668 1464 cedat,
720 1423 763 1457 et
796 1426 877 1454 vna
912 1426 1010 1454 cum
1047 1427 1100 1455 eo
1135 1415 1201 1454 his
1236 1414 1378 1464 fibris,
1415 1426 1520 1465 quae
1556 1413 1605 1453 ab
1641 1426 1695 1453 eo
1730 1412 1861 1453 inter·

257 1480 371 1521 stitio
406 1488 449 1520 et
484 1477 567 1518 fine
602 1477 663 1518 fili
698 1476 918 1517 anterioris
971 1477 1199 1527 oriuntur,
1252 1489 1443 1530 quaeque
1478 1476 1521 1516 in
1564 1476 1680 1517 striae
1729 1475 1860 1517 finem

256 1543 524 1594 inseruntur,
561 1541 738 1595 oblique
774 1539 1033 1592 antrorsum‚
1069 1540 1231 1594 apicem
1268 1550 1310 1580 et
1343 1540 1477 1580 striam
1512 1540 1680 1590 versus,
1723 1539 1860 1578 traha-

259 1616 342 1649 tur.
414 1606 517 1661 Quo
552 1618 657 1660 ergo
709 1604 868 1645 neceffe
903 1604 985 1655 est,
1037 1614 1084 1646 vt
1116 1604 1375 1646 ventriculus
1412 1603 1550 1657 aliqua
1592 1602 1728 1646 rursus
1763 1600 1856 1642 suae

259 1670 545 1728 longitudinis
580 1678 697 1726 parte
731 1669 1019 1726 imminuatun

748 1797 814 1840 Ob
850 1797 972 1850 finem
1009 1797 1136 1853 striae
1170 1798 1379 1840 cedentem.

453 1862 589 1905 Str-iae
626 1876 731 1905 vero
766 1864 1010 1904 extremitas
1047 1864 1255 1914 anterior,
1289 1864 1333 1902 in
1370 1873 1497 1915 quam
1530 1859 1692 1915 primae
1726 1859 1855 1901 fibrae

260 1924 423 1968 ordinis
459 1926 658 1977 secundi,
693 1927 743 1968 ab
778 1926 997 1967 interstitio
1049 1937 1192 1980 ortae,
1241 1925 1504 1978 inseruntur,
1558 1925 1668 1965 haud
1719 1924 1856 1976 magis

259 1990 344 2032 fixa
382 1997 424 2030 et
459 1990 648 2031 constans
686 1992 728 2031 in
764 1990 928 2032 afflone
978 1991 1117 2031 cordis
1152 1991 1232 2031 effe
1266 1991 1449 2031 videtur.
1519 1987 1697 2041 Septum
1740 1987 1857 2028 enim

262 2053 416 2108 quibus
451 2054 638 2108 partibus
674 2056 717 2094 in
755 2054 956 2095 cauitates
990 2055 1329 2096 ventriculorum
1374 2053 1526 2107 specstat
1567 2051 1859 2104 longitudina-

259 2119 372 2160 libus
407 2119 608 2171 vtrinque
645 2116 758 2158 fibris
795 2118 1025 2158 obduc‘tum
1060 2118 1130 2159 est.
1215 2118 1296 2160 His
1350 2117 1490 2171 quoad
1543 2115 1858 2168 longitudinem

261 2182 452 2236 septum,
488 2181 663 2223 caeteris
699 2182 898 2222 omuibus
934 2182 1197 2224 transuerfim
1233 2182 1525 2231 constrictum,
1578 2178 1856 2219 contrahitur.

262 2245 475 2300 Quamuis
511 2246 554 2286 id
590 2258 738 2300 parum
773 2244 821 2285 fit
858 2244 993 2296 forte,
1043 2247 1183 2300 aliqua
1234 2256 1374 2287 tamen
1410 2254 1526 2298 parte
1561 2242 1726 2295 septum
1762 2241 1855 2281 bre-

262 2310 357 2353 vius
390 2309 492 2352 inde
527 2309 601 2365 fit,
637 2309 968 2364 extremitasque
1003 2309 1117 2352 striae
1151 2310 1294 2353 versus
1329 2309 1440 2352 basm
1472 2306 1714 2355 retrahitur.
1760 2301 1857 2356 Qua

1736 2373 1854 2423 parte
