2007 2677
658 177 1188 234 ==(26⁵)--

186 305 228 346 8.
269 306 308 346 8.
360 293 501 337 Prima
536 294 689 336 harum
726 292 929 333 fibrarum
966 293 1044 334 lata
1082 304 1125 334 et
1160 293 1314 347 longa,
1366 295 1416 336 ad
1454 309 1625 340 crenam
1659 310 1730 340 vs·

314 375 395 418 que
443 360 720 410 continuata,
774 357 925 398 ticinis
977 357 1095 399 fibris
1139 359 1300 413 vbique
1336 373 1414 414 per
1448 361 1623 404 fibrillas
1659 378 1731 406 an·

314 439 435 468 nexa.

185 506 230 546 9.
270 504 341 531 10.
378 487 499 529 Duae
536 484 666 527 fibrae
705 485 747 527 in
786 500 888 542 quas
925 487 996 529 illa
1033 486 1107 539 (8.
1150 487 1222 540 8.)
1262 488 1299 528 sc
1339 489 1524 539 diuidit,
1561 504 1730 534 crenam

311 553 577 607 aliquatenus
613 551 875 606 interruptae
913 552 1203 604 transeuntes»,
1256 552 1461 611 fibrisque
1499 554 1538 596 se
1573 557 1731 598 adden·

310 627 372 657 tes
409 615 637 656 ventriculi
675 616 832 658 sinistri.

185 703 255 734 11.
295 693 493 734 Secunda
530 692 679 734 harum
715 706 965 748 magnarum
1018 692 1247 744 fibrarum,
1300 692 1493 749 fibrinis,
1547 697 1588 740 in
1626 712 1730 755 quas

307 757 560 807 resoluitur,
596 757 638 796 in
673 758 1006 810 praecedentem
1042 756 1193 797 fibram
1228 757 1394 799 inserta.

185 846 256 874 12.
293 833 416 875 Fibra
451 833 608 888 pariter
643 832 826 875 resoluta
861 833 903 873 in
941 845 1113 874 crenam
1149 832 1315 875 inserta.

186 923 254 960 ¹3-
292 911 417 952 Fibra
453 911 575 951 tertia
609 912 723 952 varie
759 911 944 952 resoluta
979 911 1021 952 in
1058 911 1157 952 alias
1193 911 1395 954 transiens
1431 911 1572 955 fibras.

186 1001 254 1042 ¹4·
282 1002 353 1040 ¹4·
379 1002 449 1040 14.
476 1001 547 1038 14.
585 988 732 1039 Loca,
769 988 842 1029 vbi
878 987 1003 1029 fibras
1040 988 1142 1029 latas
1177 1001 1200 1030 a
1235 989 1273 1030 se
1309 989 1498 1032 inuicem
1533 995 1730 1050 remoui,

307 1065 354 1095 vt
388 1052 568 1094 fibrillae
605 1063 862 1107 appareant,
916 1065 1022 1107 quae
1061 1062 1178 1094 ortae
1213 1065 1269 1095 ex
1304 1054 1458 1107 altera,
1512 1059 1729 1102 transeun-

308 1128 370 1160 tes
398 1118 441 1157 in
470 1118 645 1158 alteram
673 1117 875 1159 fibrarum
903 1117 1166 1170 vicinarum,
1202 1130 1271 1159 eas
1299 1117 1424 1160 fibras
1453 1123 1726 1166 connec'tunt.

184 1208 255 1246 15.
310 1195 452 1236 Locus
504 1195 648 1236 fimilis
683 1195 755 1236 vbi
793 1194 987 1252 separatis
1022 1194 1140 1237 fibris
1175 1193 1355 1238 fibrillae
1392 1209 1623 1255 apparent,
1675 1200 1726 1243 fi·

310 1260 402 1302 bras
440 1261 755 1302 conncc‘ientes.

184 1340 254 1380 16.
294 1338 417 1380 Alius
454 1339 602 1389 locus,
655 1338 727 1379 rbi
764 1337 1011 1394 fimpliciter
1055 1337 1263 1393 fibrissae,
1316 1341 1483 1383 mediae
1519 1342 1629 1382 inter
1665 1342 1727 1384 bi-

305 1416 377 1445 nas
413 1402 537 1443 fibras
574 1415 773 1456 magnas,
829 1416 885 1444 ex
919 1403 1114 1444 inferiori
1167 1404 1345 1459 oblique
1382 1406 1424 1445 in
1457 1405 1726 1460 superiorem

307 1467 546 1518 transcunt,
582 1480 668 1508 non
706 1478 847 1508 tamen
868 1468 927 1508 vti
965 1468 1005 1507 in
1042 1468 1257 1522 prioribus
1293 1470 1505 1526 exemplis
1542 1483 1598 1513 ex
1632 1472 1727 1514 lon-

308 1530 615 1586 gitudinalibus
652 1531 853 1574 fibrarum
889 1531 1054 1574 fibrinis
1092 1534 1357 1575 continuant.

185 1622 255 1663 ¹⁸7·
299 1623 369 1663 17.
413 1622 482 1662 17.
520 1608 643 1651 Fines
678 1610 879 1653 fibrarum
917 1610 1015 1662 (13.
1051 1623 1121 1662 14.
1157 1611 1250 1665 ις.)
1288 1611 1473 1653 serratim
1511 1626 1610 1655 cum
1646 1627 1726 1670 op-

309 1673 452 1729 pofitis
490 1672 605 1714 fibris
640 1676 866 1718 ventriculi
909 1675 1054 1717 finistri
1089 1676 1132 1716 in
1170 1688 1341 1719 trenam
1384 1676 1553 1732 inserti,
1609 1682 1724 1723 carni

310 1738 514 1779 subit-stac
553 1738 837 1782 adhaerendo.

186 1824 257 1860 ιε.
296 1814 392 1855 Alia
429 1815 535 1855 ratio
573 1827 736 1866 nexus,
785 1816 858 1857 vbi
894 1827 983 1858 tota
1018 1816 1123 1859 fibra
1158 1816 1240 1860 lata
1283 1816 1489 1872 inferior,
1541 1817 1724 1862 resoluta

306 1880 351 1919 in
387 1879 589 1932 fibrsslas,
641 1881 683 1921 in
721 1879 981 1936 superiorem
1031 1882 1253 1937 inseritur,
1307 1893 1483 1940 totaque
1530 1885 1584 1926 fic
1621 1898 1726 1928 con-

309 1942 498 1984 sumitur.

185 2018 256 2057 19.
296 2006 530 2048 Terminus
569 2007 694 2050 huius
732 2007 877 2052 fasciae
914 2024 1091 2067 magnae
1127 2013 1178 2056 ad
1216 2011 1327 2055 bafin
1360 2013 1604 2057 ventriculi.

186 2097 257 2123 πο.
297 2084 530 2126 Terminus
566 2086 759 2129 eiusdem
795 2089 845 2130 ad
883 2103 1067 2132 crcnam.

186 2173 257 2200 21.
295 2160 393 2202 Pars
429 2162 630 2204 fibrarum
665 2166 911 2209 vltimarum
949 2167 1094 2211 fasciae
1131 2181 1301 2210 crenam
1338 2166 1564 2219 transiens,
1606 2178 1720 2222 pon·

309 2237 394 2267 tem
433 2228 660 2271 efficiendo
695 2230 767 2272 sub
804 2245 892 2287 quo
927 2246 1068 2277 ramus
1115 2235 1288 2277 arteriae
1325 2244 1379 2273 ex
1414 2243 1537 2274 carne
1574 2233 1717 2275 cord&

308 2303 410 2332 exif-

179 2353 296 2398 Nam
319 2357 419 2398 „iffa
444 2357 568 2398 dead.
592 2355 690 2413 lmp-
712 2356 780 2403 Sc.
801 2359 842 2403 T.
864 2358 900 2402 1.
1224 2357 1261 2401 L
1295 2358 1312 2399 l
1640 2357 1716 2402 22.‘
