2007 2677
799 209 950 225 ...-
985 189 1140 245 (280)
1174 203 1326 221 -ᾒ-

279 308 281 311 ’
344 328 412 355 12.
463 305 612 350 Portio
647 305 736 346 eius
774 305 940 356 minor,
991 305 1074 346 fiue
1110 307 1293 346 aorticus
1331 305 1498 357 minor,
1556 307 1627 361 qui
1664 307 1780 350 iuxta
1815 308 1866 349 fi-

465 375 558 415 bras
594 370 861 424 pulmon-ales
897 369 1151 424 posteriores
1188 370 1227 411 se
1263 369 1429 424 inserit,
1466 371 1624 411 necin
1659 372 1865 427 superiori

461 435 681 492 superficie
717 443 900 488 apparet.

341 530 413 567 13.
456 527 525 564 13.
568 527 639 565 14.
681 524 752 561 15.
793 513 863 552 16.
948 513 1152 555 Aorticus
1206 515 1376 565 maior,
1429 513 1513 553 fine
1566 514 1874 556 circumflexus*

464 581 614 620 dexter
664 576 866 628 inferior,
917 591 971 619 ex
1005 578 1162 632 angulo
1199 578 1309 617 inter
1343 587 1506 618 aortam
1542 587 1583 617 et
1619 578 1740 618 filum
1778 593 1869 620 car-

463 643 713 696 tilagineum
749 643 931 682 anterius
968 643 1165 683 dextrum
1202 651 1346 692 ortus,
1374 641 1509 680 flexus
1547 642 1656 682 circa
1692 656 1868 694 conum,

465 707 664 749 transiens
701 707 744 746 in
781 704 1048 759 superficiem
1085 706 1225 747 cordis
1262 704 1748 759 superiorem-(Tab.1.
1787 707 1867 759 5.).

344 802 414 841 17.
456 798 526 838 17.
568 797 639 836 17.
676 784 730 824 Κ.
799 783 938 824 Fascia
964 782 1246 823 'infundibuli
1282 795 1458 836 magna,
1511 794 1592 834 qua
1642 791 1759 835 parte
1793 797 1870 836 per

465 847 733 902 superficiem
784 847 1000 887 bafilarem
1051 846 1204 887 tranfit.
1284 844 1393 887 Orta
1427 859 1450 885 a
1484 844 1559 886 filo
1596 846 1867 899 cartilagineo

463 912 666 954 anteriori
719 911 872 951 dextro
924 910 1045 963 super
1096 910 1332 961 marginem
1368 909 1584 949 bafilarem
1619 909 1662 948 in
1697 909 1871 963 superfi-

463 978 576 1017 ciem
627 974 769 1014 transit
819 967 1048 1014 ventriculi
1091 972 1355 1027 superiorem
1391 971 1535 1026 (Tab.
1571 971 1604 1013 Ι.
1641 971 1694 1012 Κ.
1733 973 1790 1015 G.v
1821 988 1866 1024 9.

469 1052 540 1078 10.
583 1050 653 1076 12.
695 1050 767 1089 17.
809 1050 880 1090 17.
922 1036 1015 1090 17.)

342 1125 413 1164 18.
456 1129 526 1167 19.
567 1127 639 1154 20.
707 1113 847 1155 Fascia
882 1114 1119 1168 angularis,
1170 1127 1192 1156 a
1226 1113 1303 1155 filo
1339 1111 1610 1167 cartilagineo
1644 1112 1866 1168 posteriori

463 1189 555 1221 orta
591 1178 736 1232 (Tab.
774 1178 808 1219 I.
846 1178 898 1221 G.
936 1178 1001 1219 M.
1041 1191 1113 1230 27.
1154 1178 1250 1231 28.)

340 1271 413 1299 21.
447 1271 518 1296 22.
553 1270 575 1295 2
615 1285 624 1296 .
658 1269 729 1307 24.
763 1266 834 1305 25.
868 1256 939 1295 26.
974 1265 1044 1300 28.
1080 1269 1150 1307 29.
1221 1255 1359 1296 Funes
1410 1254 1479 1296 seu
1532 1253 1661 1295 fibrae
1704 1254 1867 1295 ordinis

463 1321 662 1372 secundi,
713 1320 878 1361 reflexo
931 1333 1044 1361 cono
1097 1319 1299 1361 arterioso
1345 1332 1442 1360 cum
1495 1319 1645 1360 arteria
1694 1318 1869 1373 pulmo-

466 1385 553 1425 nali
589 1385 713 1437 plane
750 1385 950 1424 deteehe.
1485 1387 1487 1389 ’

340 1470 413 1498 21.
466 1458 593 1499 Idem
630 1456 760 1509 funis,
799 1458 870 1510 qui
907 1455 1106 1509 (Tab.1.
1146 1464 1217 1500 82.
1259 1465 1329 1504 83.
1371 1456 1484 1509 84),
1520 1465 1635 1497 retro
1672 1458 1865 1499 arteriam

466 1521 737 1563 coronariam
789 1521 985 1563 dextram
1020 1529 1168 1574 ortus,
1219 1518 1305 1561 sola
1342 1520 1630 1561 distributione
1666 1522 1864 1563 fibrarum

467 1594 653 1640 apparet.

340 1676 414 1704 22.
483 1662 632 1715 Idem,
688 1662 759 1716 qui
795 1660 939 1714 (Tab.
974 1661 1011 1702 Ι.
1052 1661 1146 1714 81.)
1180 1663 1223 1702 in
1259 1662 1366 1704 duos
1405 1661 1558 1703 diuisus
1593 1673 1733 1702 ramos
1767 1661 1864 1701 fim-

463 1728 568 1782 plex
620 1727 700 1767 esse
751 1727 937 1767 videtur.
1024 1724 1258 1780 Compreffi
1310 1726 1466 1766 scilicet
1498 1726 1540 1765 in
1576 1725 1649 1765 fitu
1686 1727 1862 1766 naturali

464 1790 586 1833 funes
641 1791 781 1831 minus
836 1789 1019 1829 distinffle
1071 1799 1296 1843 apparent,
1352 1789 1424 1829 nifi
1460 1801 1535 1829 acu
1569 1788 1804 1841 fingulatim
1840 1803 1863 1830 a

464 1853 507 1897 se
543 1864 696 1895 mutuo
733 1854 1066 1906 distinguuntur,
1101 1854 1218 1895 ficuti
1251 1854 1294 1894 in
1329 1853 1409 1894 hac
1444 1852 1584 1894 tabula
1619 1851 1785 1894 faustum.

339 1942 413 1979 23.
447 1928 602 1981 Funis,
639 1931 710 1983 qui
746 1929 880 1983 (Tab.
915 1927 950 1968 Ι.
987 1930 1097 1984 70.).

340 2018 413 2056 24.
449 2003 555 2057 Ille,
592 2006 662 2057 qui
699 2005 834 2057 (Tab.
870 2003 904 2044 Ι.
942 2006 1052 2060 67.).

339 2087 414 2125 25.
451 2074 537 2129 Qui
572 2074 715 2128 (Tab.
752 2076 786 2116 1.
824 2074 935 2127 64.).

340 2151 412 2186 26.
450 2146 536 2201 Qui
573 2145 706 2198 (Tab.
742 2145 776 2186 Ι.
814 2145 927 2198 62.).

340 2231 411 2269 27.
449 2217 535 2270 Qui
571 2216 704 2269 (Tab.
740 2216 774 2257 l.
813 2215 925 2267 61.).

343 2290 414 2326 28.
452 2280 538 2337 Qui
575 2280 709 2334 (Tab.
743 2280 778 2323 Ι.
816 2278 926 2331 60.)‚

1781 2352 1848 2383 29,
