2007 2677
354 332 456 369 τις.

351 397 454 433 116.

351 1229 453 1267 123.

352 1370 453 1409 124.

348 1558 452 1596 125.

334 1697 454 1736 *¹25-

346 1827 455 1862 126.

351 2027 371 2056 1
384 2027 455 2062 28.

344 2229 452 2269 *1220-

824 219 976 242 ..Ε-Ξ.-
1010 203 1161 259 (274)
1194 217 1345 243 εει-..Ξ

526 316 742 359 Columna
778 318 962 358 anterior
998 316 1176 358 secunda
1210 318 1252 357 in
1287 319 1401 359 idem
1436 317 1584 359 inserta
1619 319 1866 374 capitulum.

524 393 607 436 Co}
614 406 739 434 umna
774 393 894 433 tertia
930 394 1114 434 anterior
1147 395 1298 447 Ριῑῑίῑη
1334 395 1374 435 in
1406 395 1519 434 idem
1542 395 1754 436 dexterius
1776 395 1870 435 sub-

473 456 741 499 tendinosum
786 457 1018 511 capitulum
1055 456 1152 536 (q.)
1188 459 1341 513 partim
1374 458 1418 498 in
1453 458 1559 498 illud
1595 458 1695 512 (p.)
1718 488 1731 509 .‚
1777 472 1871 513 per·

474 520 673 574 foratum,
707 520 869 562 inserta.
1784 519 1789 523 ⁴

523 601 765 642 Trabeclla
801 600 976 654 oblique
1012 600 1256 640 transuersa.

523 676 766 717 Trabecula
800 676 942 716 fimilis
962 705 975 728 ‚
1015 689 1095 729 qua
1127 684 1304 729 Vtraque
1338 675 1474 728 prima
1508 682 1548 714 et
1581 674 1759 714 secunda
1796 686 1867 715 co·

475 740 619 781 lumna
655 740 985 793 coniunguntur.

446 844 457 854 .
497 829 600 855 120·
669 816 936 856 Trabeculae
981 814 1157 868 oblique
1194 813 1447 855 transuersae
1481 814 1591 853 inter
1626 813 1868 854 columnam

474 878 699 919 secundam
733 888 777 919 et
811 879 991 918 tertiam.

525 952 683 995 Similis
719 951 931 992 trabecula
965 952 1074 990 inter
1107 950 1275 990 tertiam
1310 957 1353 990 et
1388 959 1577 1004 quartam
1609 950 1866 990 columnam.

524 1026 681 1081 Quarta
717 1027 916 1066 columna
951 1026 1160 1076 anterior,
1194 1025 1403 1079 principio
1440 1028 1658 1066 communi
1694 1025 1868 1066 inferius

474 1103 529 1131 ex
566 1089 690 1130 fascia
726 1090 883 1131 bafilari
919 1099 1026 1140 orta,
1060 1089 1246 1143 superius
1281 1089 1324 1131 in
1355 1090 1584 1143 capitulum
1605 1092 1868 1143 perforatum

473 1154 637 1194 inserta.

521 1216 763 1259 Trabecula
805 1217 981 1271 oblique
1029 1216 1259 1258 transuersa
1293 1216 1405 1257 inter
1442 1226 1632 1271 quartam
1667 1225 1708 1257 et
1747 1217 1866 1271 quin·

473 1291 558 1322 tam
594 1281 852 1322 columnam.

524 1356 738 1399 Columna
774 1359 958 1399 anterior
995 1358 1156 1412 quinta,
1191 1357 1411 1399 communi
1446 1357 1658 1411 principio
1693 1357 1867 1397 inferius

473 1434 529 1461 ex
564 1421 689 1461 fascia
724 1421 881 1461 bafilari
917 1431 1024 1472 orta,
1052 1421 1240 1473 superius
1275 1422 1318 1459 in
1354 1421 1586 1473 capitulum
1605 1420 1868 1474 perforatum

473 1484 636 1524 inserta.

493 1550 595 1586 126.
638 1559 739 1599 127.
809 1545 1047 1588 Columnae
1076 1544 1286 1587 ventrales
1323 1546 1549 1599 auriculae,
1587 1560 1691 1601 quae
1728 1557 1865 1588 tamen

474 1624 561 1651 non
596 1611 688 1651 satis
725 1611 972 1651 constantes.

520 1687 684 1728 ⁴Earum
707 1688 869 1741 prima,
921 1700 1023 1740 quae
1067 1699 1123 1726 ex
1159 1686 1343 1740 capitulo
1377 1684 1595 1740 perforato
1628 1686 1670 1725 in
1707 1695 1863 1739 appen-

476 1752 616 1792 dicem
651 1752 861 1792 auriculae
897 1750 1124 1791 descendit.

496 1838 599 1877 127.
667 1824 788 1866 Duae
812 1824 1062 1879 superiores
1098 1825 1308 1865 ventrales
1345 1823 1584 1874 columnae,
1623 1823 1772 1877 quibus
1792 1836 1863 1876 ap-

473 1890 634 1940 pendix
686 1889 857 1929 mobilis
902 1889 1109 1929 auriculae
1146 1888 1380 1943 superficiei
1415 1888 1613 1929 anteriori
1647 1887 1754 1928 finus
1791 1888 1861 1928 ad-

473 1951 664 1991 nectitur.

496 2032 598 2070 129.
667 2020 931 2062 Trabeculae
968 2022 1141 2076 oblique
1179 2020 1433 2063 transuersae
1473 2022 1626 2075 quibus
1647 2021 1858 2062 ventrales

474 2095 571 2122 cum
604 2083 835 2125 dorsalibus
865 2086 1072 2128 columnis
1104 2088 1437 2141 coniunguntur,
1464 2085 1707 2127 conformes
1736 2085 1860 2126 ductu

472 2145 551 2186 suis
587 2147 813 2189 columnis.

521 2220 789 2263 Foraminula
840 2223 1181 2277 quamplurima,
1233 2226 1396 2266 minora
1438 2225 1681 2266 maioraoue
1717 2224 1758 2263 in
1794 2221 1860 2262 su-

469 2284 643 2338 perficie
678 2286 886 2328 auriculae
923 2301 1131 2342 connexa,
1169 2303 1291 2346 quae,
1308 2290 1411 2332 ficut
1443 2289 1755 2333 rhomboidalii
1784 2299 1857 2326 co-

1745 2351 1855 2391 lum-
