2007 2677
646 219 800 247 ===
833 203 989 258 (359)
1024 217 1177 243 ===

866 317 972 360 VII.

617 392 826 452 Silurus
890 390 1200 453 dauuricus.

687 494 784 536 Tab.
821 494 899 537 XI.
925 494 1008 549 fig.
1052 507 1125 534 11.

298 579 345 620 In
382 576 571 632 Ingoda.,
625 572 786 617 Onone
823 585 866 616 et
901 573 1087 628 Arguno
1124 572 1338 615 Dauuriae
1385 571 1556 624 fluuiis,
1610 572 1728 614 adia·

105 645 383 698 centibmque
431 643 550 697 aquis
602 641 736 696 pigris
792 633 1184 694 non‘infrequens
1240 637 1297 679 est
1349 637 1478 681 Siluri
1531 637 1725 693 species,

100 710 232 754 Rnffis
285 709 434 750 vlitato
488 718 568 762 pro
621 706 891 760 significanda
928 704 1054 748 Glani
1108 703 1284 745 nomine
1330 702 1516 757 (Comb)
1561 703 1728 744 ibidem

102 778 301 832 cognita,
338 773 406 814 sed
444 786 465 813 a
503 771 655 822 Glani,
692 783 769 824 per
805 769 1062 810 orientalem
1099 769 1299 810 Sibiriam
1336 768 1564 820 exulante‚
1611 777 1727 809 certe

100 840 294 892 diuersa,
344 838 488 880 Luciis
526 849 622 877 raro
659 836 824 887 maior,
873 844 915 880 et
952 833 1136 888 sapidior
1189 832 1330 873 multo
1367 844 1612 885 congcnere
1651 846 1727 873 eu-

104 919 272 962 ropaea.
359 903 552 943 Multum
607 901 707 941 hnic
761 913 860 940 cum
921 898 963 940 S.
1002 898 1140 939 Asoo
1184 895 1321 939 Linnei
1372 898 1603 944 conuenit;
1658 896 1728 938 sed

105 968 458 1028 quandoquidem
496 965 622 1006 huius
660 965 758 1004 icon
797 962 911 1004 nulla
947 972 1087 1014 extat,
1142 962 1337 1014 mihique
1382 974 1463 1014 pro
1501 974 1728 1016 compara-

101 1040 223 1079 tione
263 1047 348 1075 non
387 1032 579 1086 suppetat
615 1028 867 1083 exemplum
904 1027 1027 1083 piscis
1067 1039 1195 1081 quem
1234 1025 1299 1066 111.
1336 1023 1503 1066 Lirmeus
1537 1039 1638 1081 prae
1675 1039 1727 1068 o·

104 1103 213 1145 culis
269 1098 440 1147 habuit3
496 1093 628 1140 malui
681 1093 871 1138 nostrum
920 1093 1126 1148 tantisper
1159 1088 1290 1136 Silure'
1325 1089 1510 1132 dauurici
1546 1090 1726 1142 nornine

108 1164 362 1210 describere.

308 1296 442 1350 Caput
477 1295 844 1352 plagioplateum,
878 1295 1176 1346 rotundatum,
1195 1292 1316 1348 supra
1353 1291 1587 1347 aequaliter
1623 1302 1730 1331 con·-

113 1375 288 1405 vexum.
344 1361 548 1403 Maxillac
582 1363 704 1404 labiis
743 1361 922 1404 carnosis
962 1361 1174 1411 tumidae,
1222 1357 1403 1399 inferior
1440 1357 1581 1398 multo
1631 1354 1729 1396 lon·

113 1431 223 1484 gior.
292 1428 432 1470 Areae
470 1425 643 1468 falcatae
697 1428 920 1479 vti-iusque
974 1426 1188 1466 maxillae
1227 1422 1401 1477 spinulis
1455 1420 1732 1465 creberrimis

115 1492 406 1548 exasperatae,
459 1491 648 1545 superius
685 1491 814 1533 etiam
852 1491 1083 1533 accedente
1122 1502 1214 1531 area
1259 1486 1442 1541 palatina
1478 1484 1628 1527 obtuse
1665 1484 1734 1525 lu-

114 1570 223 1600 nata.
296 1555 436 1598 Cirrhi
471 1556 711 1598 maxillares
748 1555 870 1610 supra
906 1556 1021 1604 duo„
1058 1554 1174 1596 labio
1210 1551 1428 1606 proximi,
1466 1552 1577 1592 inter
1611 1561 1734 1591 nares

114 1634 156 1664 et
193 1624 397 1672 oculum„
435 1620 612 1673 setar-ei,
659 1621 796 1675 capite
835 1620 1089 1674 longiores;
1126 1616 1289 1672 gulares
1326 1616 1413 1656 duo
1438 1614 1518 1670 sub
1553 1615 1733 1661 maxilla

114 1687 345 1740 inferiore,
382 1688 458 1728 vix
496 1696 686 1740 quartam
720 1695 886 1741 partem
924 1685 1120 1739 priorum
1157 1690 1404 1736 aequantes.
1701 1672 1705 1674 ’

315 1815 433 1858 Oculi
486 1817 630 1870 parui„
683 1816 782 1858 iride
820 1815 1190 1864 fusco-inaurata,
1248 1811 1415 1853 circulo
1446 1809 1626 1865 pupillae
1664 1821 1737 1857 an·

120 1882 341 1938 gustiffime
390 1895 533 1923 aureo.
604 1879 845 1922 Membrana
897 1879 1197 1934 brana-hlostega
1249 1878 1471 1918 radiorum
1514 1888 1585 1925 15.
1616 1887 1736 1929 ,quo-

121 1961 214 1990 rum
252 1947 415 2001 priores
470 1947 638 2000 magni,
692 1946 877 1995 arcuati,
926 1958 1062 2000 vsque
1099 1945 1150 1985 ad
1187 1943 1321 1983 sinum
1379 1951 1597 1995 aperturae
1646 1939 1734 1981 fere

122 2013 425 2067 pertingentes.
495 2010 616 2052 Linea
653 2010 1146 2066 glanduloso-piinftata
1181 2021 1257 2063 per
1293 2006 1499 2063 opercula
1533 2006 1736 2057 Vtrimque

123 2077 472 2131 longitudinalis‚
507 2077 644 2118 lineae
682 2075 844 2117 laterali
883 2075 1143 2117 continuata.

319 2205 472 2260 Corpus
508 2207 819 2261 compressum,
856 2207 994 2261 capite
1031 2201 1213 2254 exilius,
1261 2202 1417 2259 postice
1454 2197 1578 2239 valde
1614 2206 1734 2238 exte-

123 2282 325 2321 nuatum,
364 2270 488 2312 dorso
526 2285 799 2321 connexum„
837 2273 936 2314 aluo
973 2269 1262 2326 paninscula,
1301 2264 1448 2311 n·o'li;
1485 2263 1535 2305 ab
1573 2277 1654 2304 ano
1692 2264 1734 2304 in

121 2338 306 2380 carinam
340 2336 557 2393 pinnatam
593 2339 903 2394 compressum,
956 2336 1206 2387 mucosum,
1264 2330 1545 2387 alepidotum.
1615 2327 1735 2370 Dor-

1640 2393 1733 2436 sum
