2007 2677
989 195 1145 250 (μω
1168 212 1332 225 ›-—-

337 325 377 362 3.
413 311 541 364 Aqua
577 306 798 359 diffusum,
841 310 1100 351 solutionem
1135 310 1330 363 praebuit
1365 309 1542 360 flavam,
1581 323 1685 364 quae
1720 312 1762 352 in
1798 309 1865 353 fil-

459 385 525 415 tro
561 374 699 414 lutum
735 373 904 427 nigrum
940 372 1166 428 deposuit,
1203 375 1435 416 maximam
1468 383 1632 428 partem
1667 384 1866 418 tartarum

455 439 624 486 vrinae3

329 529 374 567 4.
409 513 572 567 Liquor
606 512 722 553 filtro
757 511 1001 566 purificatus
1037 521 1210 553 neutrae
1249 511 1328 552 fuit
1354 512 1537 560 indoli53

333 602 374 641 5.
407 590 675 631 Mercurium
729 589 804 630 ille
857 589 981 631 acido
1035 589 1132 630 nitri
1185 588 1374 629 solutum
1425 588 1522 629 albo
1565 590 1864 644 praecipitauit

459 655 632 703 colore;

331 732 374 771 6.
410 729 480 773 Sal
516 729 819 784 euaporatione
873 729 972 770 inde
1026 737 1253 769 concretus
1304 729 1393 769 erat
1442 727 1602 778 flauas,
1655 726 1862 784 facileque

456 796 556 848 igne
593 793 875 844 fundebatur,
912 793 1079 832 massam
1114 793 1250 832 fistens
1289 791 1400 845 quasi
1433 792 1626 832 vitream.

455 887 609 930 Visum
644 888 751 929 mihi
787 888 913 928 salem
942 888 1213 926 mur-iaticum
1248 896 1411 938 partem
1447 886 1553 927 acidi
1589 886 1749 939 proprii
1785 885 1870 930 hae.

264 951 514 1004 operatione
550 952 745 1001 amisisse,
781 952 824 990 in
861 950 980 990 cuius
1016 950 1166 991 locum
1200 949 1370 990 acidum
1403 950 1743 1006 phosphoricum
1776 951 1862 992 vri-

262 1028 339 1058 nae
374 1014 609 1069 susceptum
644 1012 738 1054 fuit.

802 1103 1205 1170 Experimentum
1269 1116 1314 1165 7.

455 1185 524 1229 Sal
577 1187 698 1228 alcali
741 1187 981 1240 vegetabile
1018 1197 1061 1228 et
1097 1187 1165 1229 Sal
1200 1184 1446 1226 muriaticus
1481 1184 1600 1225 vrina
1635 1185 1859 1237 tradimus,

260 1251 426 1305 aequali
477 1253 670 1305 pondere
721 1252 844 1291 vnius
889 1252 1046 1304 librae,
1099 1265 1174 1305 per
1211 1250 1456 1304 quindecim
1506 1250 1630 1290 horas
1678 1261 1774 1289 cum
1810 1249 1862 1289 li-

260 1314 333 1356 bra
368 1316 491 1356 semis
528 1316 613 1356 seui
651 1315 772 1356 ouiili
809 1324 852 1355 et
888 1329 993 1369 aqua
1030 1316 1354 1369 coquebantur,
1398 1323 1439 1354 et
1474 1322 1723 1366 euaporata'e
1757 1313 1859 1354 loco

259 1391 393 1432 aquae
429 1380 620 1419 additum
656 1378 736 1419 fuit
769 1379 966 1420 lixivium
1004 1380 1145 1420 debile
1181 1393 1204 1420 e
1241 1379 1452 1420 cineribus
1488 1388 1692 1431 paratum.

450 1481 672 1522 Lixiuium
709 1481 816 1521 illud
851 1479 1176 1534 refrigeratione
1213 1481 1262 1521 ab
1299 1482 1419 1535 adipe
1454 1481 1687 1534 separatum
1726 1481 1856 1523 filtra-

259 1547 378 1588 tione
415 1545 553 1586 lutum
590 1545 795 1599 separauit
829 1545 1067 1596 virescens,
1105 1546 1220 1599 quod
1257 1558 1361 1597 aqua
1396 1546 1584 1596 elutum,
1622 1533 1854 1586 semunciae

258 1610 428 1666 pondus
465 1609 613 1649 edidit.
684 1609 787 1662 Igne
824 1609 1075 1650 calcinatum
1111 1609 1333 1660 vrebatur‚
1387 1610 1609 1649 dimidium
1653 1609 1852 1662 ponderis

259 1675 472 1716 amittens.
543 1672 581 1713 E
617 1673 783 1713 refiduo
821 1682 962 1714 terreo
996 1674 1238 1714 rubicundo
1275 1683 1468 1727 magnete
1521 1674 1740 1726 particulas
1778 1672 1855 1711 ali-

260 1747 368 1792 quot
412 1736 565 1778 ferreas
612 1737 757 1790 selegi,
809 1737 1000 1790 reliquus
1052 1738 1319 1793 puluisculus
1353 1739 1397 1779 in
1432 1737 1560 1778 acidis
1597 1735 1855 1777 feruescebat

257 1814 357 1843 eum
389 1801 582 1857 plenario
620 1800 706 1842 fere
743 1801 966 1841 solutione.

451 1927 671 1969 Lixiuium
707 1930 887 1970 flauum:

330 2016 369 2044 1.
405 2003 510 2045 Erat
543 2005 700 2046 indolis
737 2006 958 2053 alcalinae3

328 2092 368 2121 2.
405 2077 520 2121 Cum
564 2079 776 2121 solutione
812 2081 901 2121 salis
938 2081 1055 2123 alcali
1093 2081 1254 2123 fuscum
1289 2081 1439 2130 euafit3

326 2169 369 2207 3.
404 2156 674 2199 Mercurium
710 2158 833 2199 acido
869 2159 965 2198 nitri
1001 2159 1186 2201 solutum
1230 2160 1506 2214 praecipitem
1542 2156 1630 2210 egit
1663 2155 1848 2209 primum

447 2221 739 2275 nigrescente,
793 2231 834 2263 at
868 2223 1050 2279 deinde,
1104 2226 1208 2267 dum
1242 2225 1331 2266 eius
1367 2223 1503 2265 maior
1542 2222 1686 2277 portio
1721 2220 1848 2260 adde-

445 2295 587 2342 retur,
623 2285 745 2329 fuluo
783 2286 945 2328 colore.

1655 2362 1699 2400 4.
1734 2346 1848 2387 Eua-
