2007 2677
820 209 971 224 -——
1005 190 1160 246 (272)
1195 207 1347 234 ===

348 320 419 362 39.
462 317 532 357 89.
603 304 785 357 Fibrae‚
838 305 1025 347 serratim
1075 305 1238 347 insertis
1291 307 1517 349 ventriculi
1569 310 1706 353 dextri
1755 309 1873 353 fibris

472 371 578 424 (17.
620 383 690 423 17.
732 369 833 422 17.)
868 370 1156 425 interpositae,
1192 380 1309 413 ortae
1346 387 1367 413 a
1403 386 1542 414 crena.

342 461 420 502 90.
489 447 638 488 Fibrae
672 460 822 502 parum
859 461 881 488 a
915 446 954 488 se
990 456 1142 489 mutuo
1166 447 1389 489 distinc'tae.

342 538 418 579 91.
487 524 637 566 Fibrae
672 524 714 564 in
750 523 840 578 ipso
875 524 1103 565 ventriculi
1138 524 1327 577 margine
1362 523 1504 565 versus
1537 525 1701 579 apicem
1722 524 1876 579 flexae,

470 589 662 642 aliaeque
697 588 769 629 sub
807 588 904 629 alias
941 588 980 629 se
1016 588 1281 629 insinuantes.

339 680 415 719 92.
487 666 713 721 Quaedam
747 665 876 706 fibrae
913 679 968 707 ex
1003 665 1247 707 ventriculo
1284 665 1437 707 dextro
1474 665 1741 709 continuatae
1764 674 1875 709 trau·

465 731 618 773 fientes
654 729 778 784 super
813 743 982 771 crenam
1019 731 1061 770 in
1097 730 1314 770 sinistrum.

338 819 414 860 93.
483 806 561 847 Vti
596 805 635 846 se
671 805 801 846 fibrae
836 805 931 845 istae
968 804 1042 846 sub
1078 804 1303 859 sequentes
1339 804 1561 847 insumant.

337 898 415 936 94.
484 882 634 925 Fibrae
669 882 772 924 aliae
809 883 940 924 acutis
977 882 1132 923 finibus
1168 896 1190 923 a
1226 895 1349 923 crena
1385 893 1517 923 ortae.

335 973 413 1013 95.
485 959 608 1015 Quae
642 960 705 1000 vti
740 960 780 1000 se
816 960 866 1000 ad
902 959 1125 1013 sequentes
1162 960 1388 1014 applicant.

335 1039 412 1088 96.
447 1048 524 1087 97.
561 1044 637 1086 98.
673 1049 750 1086 99.
792 1047 895 1076 100.
937 1049 1040 1076 101.
1083 1049 1186 1076 102.
1238 1049 1340 1086 103.
1395 1049 1498 1088 104.
1570 1034 1698 1079 Ordo
1749 1038 1873 1080 fibra-

462 1111 558 1141 rum
592 1100 821 1141 ventriculi
857 1100 1001 1141 sinistri
1039 1111 1236 1156 qua1·tus‚·
1271 1100 1341 1141 seu
1375 1100 1506 1142 fibrae
1541 1102 1737 1143 radiatae.

334 1179 412 1229 96.
480 1176 631 1218 Fibrae
685 1190 742 1219 ex
792 1178 1035 1219 ventriculo
1089 1179 1242 1220 dextro
1291 1178 1558 1219 continuatae
1595 1178 1734 1230 (quae
1769 1192 1871 1231 pro-

462 1250 706 1282 currentem
743 1240 984 1284 funiculum
1020 1242 1198 1285 breuem
1232 1243 1276 1284 in
1311 1243 1397 1285 hoc
1434 1243 1563 1284 corde
1599 1241 1767 1282 efficere
1808 1242 1873 1283 vi-

462 1305 662 1359 dentur.)

284 1376 286 1379 ’
333 1395 412 1433 97.
481 1380 649 1434 Fibrae‚
685 1382 907 1425 manifesto
942 1397 999 1425 ex
1034 1397 1159 1425 crena
1195 1395 1329 1426 ortae.

333 1467 411 1510 98.
480 1457 664 1511 Fibrae‚
718 1473 853 1514 prope
899 1461 1136 1514 marginem
1179 1459 1406 1501 ventriculi
1443 1468 1672 1513 curuatae³
1723 1457 1868 1501 versus

461 1523 629 1578 apicem
664 1521 775 1578 (E.)
812 1534 1131 1566 concurrentes.

331 1612 409 1651 99.
451 1611 554 1639 100.
624 1599 771 1642 Fibrae
808 1602 858 1642 ad
894 1588 1194 1656 praecedentes
1230 1600 1473 1655 applicatae.

337 1687 443 1716 101.
484 1687 587 1714 102.
629 1687 733 1727 103.
804 1676 925 1733 Quae
977 1678 1087 1718 rec‘ta
1132 1676 1217 1717 fere
1263 1676 1306 1717 in
1341 1677 1506 1732 apicem
1541 1675 1766 1719 ventriculi
1802 1676 1867 1717 in·

460 1748 648 1780 currunt.

339 1827 444 1867 104.
513 1816 706 1859 Vltimae
750 1818 929 1859 radiatae
972 1815 1135 1871 fibrae,
1189 1818 1330 1859 versus
1374 1816 1538 1871 apicem
1573 1816 1729 1870 pariter
1762 1828 1864 1871 pro-

463 1881 720 1932 gredientes.

338 1965 442 2004 105.
510 1953 660 1996 Fibrae
685 1985 699 2009 ‚
755 1969 860 2011 quae
907 1955 1074 1998 fasciam
1111 1958 1356 2000 coronalem
1392 1956 1554 1998 sinuum
1590 1968 1864 1997 communem

462 2016 654 2058 efficiunt
675 2048 689 2071 ,
734 2021 843 2062 bafin
878 2020 1039 2062 sinuum
1075 2023 1305 2063 amborum
1335 2021 1591 2075 cingentem.
1662 2020 1768 2061 Sunt
1802 2029 1865 2061 te-

461 2094 567 2122 nues
603 2081 750 2135 fibrae,
788 2097 895 2137 quae
932 2087 1083 2138 quouis
1120 2087 1299 2128 minimo
1335 2086 1613 2139 longitudinis
1635 2084 1862 2124 interuallo

461 2145 664 2187 lateribus
699 2148 809 2188 inter
844 2148 883 2188 se
919 2150 1163 2203 cohaerent,
1197 2151 1251 2192 fic
1285 2160 1375 2191 rete
1396 2149 1592 2190 vformant
1610 2148 1760 2189 areolis
1785 2147 1866 2187 fre·

466 2210 740 2263 quentiffimis
776 2212 963 2256 minimis
985 2242 999 2268 ‚
1043 2215 1321 2270 aequalibus,
1364 2213 1563 2269 oblongis
1598 2212 1681 2254 fiue
1716 2212 1866 2253 rhom-

463 2271 645 2316 boideis.

1761 2359 1777 2387 1
1790 2346 1860 2385 06.
