2007 2677
656 164 1182 220 ===(273)=====

195 288 299 325 106.
371 282 504 327 Ortus
541 281 690 322 harum
726 278 926 319 fibrarum
962 293 1016 321 ex
1052 279 1134 321 filis
1171 280 1450 336 cartilagineis
1488 283 1559 325 sub
1595 299 1727 341 angu-

320 351 369 390 lis
415 344 687 392 acutissimis,
739 353 784 382 vt
827 344 950 397 plane
996 344 1077 384 silis
1121 346 1343 400 parallelae
1383 349 1647 391 transuersim
1681 353 1724 392 in

319 414 456 456 fasciis
491 407 692 463 progredi
730 408 965 448 videantur.

197 490 298 529 ¹07·
367 476 413 516 ln
459 474 535 514 hac
582 471 676 512 ledc
721 473 847 513 etiam
896 472 1122 514 distinctius
1159 473 1227 515 hic
1263 484 1382 516 ortus
1417 475 1616 519 fibrarum
1655 491 1726 533 ap·

315 538 468 592 paruit.

193 610 295 646 108.
365 601 515 643 Fibrae
552 601 705 642 similes
742 602 1013 643 coronalibus
1051 602 1175 643 duc‘in
1211 612 1254 643 et
1290 615 1468 658 natura,
1525 620 1630 661 quac
1669 607 1726 649 la-

316 668 426 707 ciem
463 666 626 706 sinuum
664 679 941 707 communem
977 668 1233 707 anteriorem
1270 668 1474 719 efficiunt,
1505 673 1728 713 continua·

318 743 379 771 tac
416 743 471 771 cx
505 729 621 770 fibris
661 729 779 770 faciei
818 743 1031 770 concanae
1067 731 1314 783 appendicis
1351 733 1576 774 auriculae.

193 818 292 857 109.
365 805 510 847 Fibrae
548 804 772 846 coronales
808 804 917 846 finus
954 804 1114 857 sinistri,
1151 805 1273 846 simili
1305 808 1443 848 modo
1464 808 1724 857 retiformcs‚

314 869 384 911 sed
418 870 548 924 paulo
583 870 626 909 in
663 869 740 910 hac
777 868 872 910 sede
908 870 1118 910 craffiorcs
1156 869 1535 928 dillinc‘tioresquc.

191 961 292 986 rie.
364 945 498 988 Ortus
534 959 679 988 carum
715 958 770 987 ex
804 945 879 986 filo
931 947 1223 1001 cartilaginco.

193 1038 239 1064 11
258 1038 295 1064 1.
366 1023 504 1065 Fascia
540 1023 749 1077 humoris,
785 1023 853 1063 vel
889 1022 1107 1064 terminalis
1143 1023 1345 1066 auriculae
1378 1026 1580 1080 dea-trae,
1621 1042 1726 1084 quae

315 1089 511 1143 parallel-a
561 1086 710 1129 fasciae
756 1087 947 1129 coronali
982 1087 1146 1128 finuum
1182 1091 1403 1131 communi
1440 1091 1612 1146 (105.)
1648 1108 1727 1147 po-

314 1153 456 1194 sterius
512 1153 552 1194 in
589 1151 678 1207 ipso
713 1151 821 1193 linus
857 1151 1014 1192 linistm
1050 1152 1178 1193 latere
1215 1154 1397 1209 incipit,
1449 1155 1547 1197 inde
1585 1167 1725 1199 totum

311 1217 479 1268 finum,
534 1217 829 1271 distinguendo
881 1216 1141 1271 superiorem
1195 1218 1470 1260 cancellatum
1515 1222 1725 1264 auriculae

314 1293 475 1336 partem
513 1283 562 1323 ab
601 1281 790 1322 inferiori
828 1280 1022 1334 finciata,
1058 1282 1225 1335 ambit,
1278 1283 1319 1323 in
1357 1283 1575 1339 superficie
1611 1297 1726 1327 ante-

314 1347 416 1386 riori
453 1348 494 1389 in
531 1347 810 1399 appendicem
847 1347 1059 1387 auriculae
1095 1356 1138 1387 et
1172 1347 1222 1387 ad
1258 1347 1521 1401 perforatum
1560 1350 1725 1403 apicem

314 1412 405 1450 eius
441 1421 576 1463 vsque
614 1411 655 1449 in
694 1410 778 1450 hoc
815 1410 945 1450 corde
982 1411 1219 1462 continuat,
1254 1412 1296 1451 in
1333 1412 1422 1452 aliis
1459 1422 1598 1454 tamen
1631 1415 1724 1455 bre-

315 1477 412 1515 vior
456 1475 580 1515 citius
616 1473 778 1515 definit.
866 1473 1083 1515 Notabilis
1120 1483 1162 1515 et
1196 1475 1439 1530 mira-haec
1477 1475 1602 1519 fascia
1637 1478 1726 1531 est,

318 1551 423 1593 quae
476 1538 518 1578 in
572 1537 844 1593 sequentibus
899 1538 951 1580 de
1004 1537 1121 1580 fibris
1169 1539 1334 1581 finuum
1370 1541 1725 1584 dissertationibus

316 1602 614 1657 explicabitur.

194 1678 299 1707 112.
372 1667 419 1708 ln
466 1667 542 1708 hac
590 1665 683 1707 sede
728 1668 856 1710 diuisa
891 1670 933 1710 in
971 1669 1138 1724 aliquot
1170 1669 1295 1712 fibras
1331 1669 1435 1712 haec
1472 1669 1598 1714 fascia
1632 1685 1727 1727 par·

316 1732 393 1771 tim
448 1731 498 1772 ad
552 1729 815 1784 superficiem
869 1733 1148 1789 posteriorem
1203 1748 1436 1777 concauam
1479 1737 1725 1791 appendicis

316 1795 482 1846 transit,
528 1795 681 1849 partim
718 1808 911 1840 connexa
946 1812 1044 1840 cum
1080 1808 1197 1854 parte
1233 1800 1477 1855 appendicis
1512 1799 1726 1857 perforata

315 1860 416 1913 (n.)
451 1860 501 1901 ad
537 1861 700 1914 apicem
736 1861 825 1902 eius
859 1875 993 1917 vsque
1027 1864 1251 1919 percurrit.

195 1948 208 1973 ι
227 1947 295 1985 ¹3·
338 1949 354 1975 1
370 1948 439 1985 13.
510 1935 757 1978 Commune
792 1937 1048 1992 principium
1087 1933 1402 1995 columnarum,
1439 1955 1546 1997 quae
1567 1943 1723 1985 reticu-

314 2000 445 2041 latum
468 2000 639 2041 dorsum
660 2003 870 2045 auriculae
891 2003 1097 2059 efficiunt,
1128 2019 1182 2048 ex
1206 2005 1332 2048 fascia
1353 2007 1511 2049 bafilari
1535 2008 1577 2058 (1
1594 2020 1610 2044 1
1626 2008 1686 2059 ι.)

194 2090 295 2129 114.
366 2076 582 2119 Columna
632 2079 804 2122 dorsalis
859 2082 1033 2136 media,
1083 2096 1188 2139 quae
1239 2087 1472 2139 marginem
1509 2084 1718 2124 auriculae

313 2142 512 2183 dextrum
559 2143 722 2197 efficit,
777 2144 1017 2201 faciemque
1055 2151 1312 2190 anteriorem
1348 2162 1368 2189 a
1404 2147 1620 2201 posteriori
1658 2147 1721 2188 di-

313 2206 507 2260 stinguit,
543 2209 737 2251 omnium
770 2210 1005 2266 longissima
1027 2242 1043 2267 ,
1076 2214 1120 2255 in
1154 2215 1346 2256 medium
1381 2210 1568 2264 superius
1604 2213 1718 2267 capi·

315 2272 451 2314 tulum
488 2272 587 2326 (q.)
622 2273 785 2318 inserta.

186 2332 303 2375 Nona
323 2336 427 2379 Mla
451 2336 575 2377 dead.
596 2336 697 2392 Imp.
715 2337 786 2382 Sc.
806 2338 848 2381 T.
868 2338 904 2381 1.
1216 2338 1267 2378 M
1302 2350 1347 2378 m
1614 2350 1631 2379 τ
1646 2350 1716 2390 15.
