2007 2677
672 168 827 194 εξ
860 148 1015 204 (249)
1049 168 1201 196 ====

129 266 274 311 cordis
310 266 512 318 efficitur,
549 263 726 318 oblique
761 263 996 305 antrorsum
1033 263 1083 305 ad
1120 263 1284 319 apicem
1320 272 1364 305 et
1401 263 1671 310 dextrorsum
1690 269 1740 311 ad

130 334 270 377 striam
306 335 536 384 ducuntur,
573 331 675 371 dum
711 328 832 369 fimul
870 339 1010 379 totuS‚
1058 342 1144 382 quo
1189 342 1324 383 vsque
1361 330 1601 383 prominet,
1638 345 1742 374 ven-

129 399 273 441 triculi
310 412 419 453 apex
453 397 494 437 in
531 394 680 435 eadem
717 392 938 447 superficie
974 392 1166 435 inferiori
1203 393 1434 435 retrorsum
1472 394 1650 450 oblique
1687 399 1740 439 ad

130 463 242 505 basm
278 472 321 503 et
355 458 626 502 finistrorsum
663 459 713 498 ad
751 458 1005 512 marginem,
1053 457 1173 499 socus
1208 472 1313 499 vero
1350 457 1555 513 superior,
1591 462 1739 514 proxi-

129 540 300 581 maque,
338 537 442 579 quae
477 535 576 564 eum
613 523 866 574 circumdat,
903 523 1024 576 regio
1063 523 1104 563 in
1141 522 1345 576 superiori
1382 523 1601 578 superficie
1634 525 1739 567 dcx-

128 590 306 633 trorsum
351 589 402 630 ad
449 601 619 630 crenam
672 598 715 629 et
750 588 978 629 retrorsum
1016 588 1066 628 ad
1103 586 1213 627 basm
1250 598 1494 629 mouentur.
1567 589 1736 645 Quibus

123 653 315 696 motibus
353 666 458 708 ergo
496 652 677 694 omnino
714 662 875 693 tortura
911 651 1138 692 ventriculi
1175 650 1380 705 obliqua,
1416 653 1499 693 fiue
1536 654 1738 709 diagona-

120 718 192 770 lis,
228 717 425 759 efficitur.
497 717 751 758 faciliorem
790 716 865 756 tibi
903 716 1296 770 fimpiicioremque
1334 716 1446 756 hunc
1482 729 1649 758 motum
1671 733 1737 761 re-

123 783 456 838 praesentaueris
503 782 554 822 ad
599 781 730 822 solam
776 780 978 834 marginis
1022 779 1247 821 ventriculi
1283 779 1538 834 postremam
1573 793 1736 835 partem

126 847 510 902 protuberantem‚
547 846 616 887 cui
652 845 920 887 interstitium
956 845 1067 886 inter
1103 844 1199 886 bina
1233 844 1304 886 fila
1339 845 1608 899 cartilaginea
1641 847 1739 889 smi-

122 912 198 953 ssra
233 912 477 965 respondet,
513 911 790 961 attendendo„
828 919 870 951 et
907 910 955 950 ad
993 910 1159 963 apicem
1193 910 1438 962 ventriculi,
1476 923 1564 965 quo
1599 924 1734 968 Vsque

121 990 221 1031 prae
259 977 350 1017 stria
385 987 427 1017 et
463 988 587 1016 crena
623 975 855 1029 prominet.
928 973 1048 1014 Tota
1082 974 1362 1028 protuberans
1392 988 1487 1030 pars
1509 975 1733 1033 posterior}

122 1041 207 1082 siue
244 1039 432 1095 angulum
468 1053 561 1081 eam
597 1039 820 1080 vocant-ris
857 1037 1068 1079 vena-iculi
1088 1037 1258 1093 fim'stri,
1295 1048 1385 1080 tum
1427 1041 1568 1094 quoad
1597 1043 1648 1084 ad
1669 1043 1733 1083 in-

123 1104 326 1146 feriorem
361 1104 658 1159 superficiem,
695 1114 786 1144 tum
822 1103 948 1144 etiam
989 1113 1215 1158 quovsque
1251 1103 1302 1144 ad
1337 1102 1600 1158 superiorem
1637 1119 1734 1161 per.

122 1170 260 1220 tinet,
316 1170 425 1211 recia
460 1170 511 1210 ad
547 1169 676 1210 finem
712 1168 828 1209 striae
850 1197 865 1220 ‚
918 1168 1113 1222 adeoque
1151 1167 1347 1209 deorsum
1384 1179 1427 1210 et
1461 1170 1732 1227 antrorsum,

121 1233 400 1288 protrahitur.
469 1233 616 1274 Totus
654 1244 802 1274 contra
837 1244 947 1287 apex
981 1232 1209 1274 ventriculi
1246 1245 1345 1274 cum
1381 1231 1483 1275 soco
1518 1244 1731 1291 Vtroque,

122 1310 330 1353 quatenus
367 1310 465 1352 prae
501 1310 651 1338 crenae
687 1307 729 1339 et
764 1298 880 1339 striae
916 1296 1070 1338 finibus
1105 1298 1358 1352 prominet,
1402 1298 1486 1340 flue
1522 1300 1572 1340 ad
1609 1299 1732 1355 supe-

120 1365 280 1404 riorem
316 1362 399 1402 fiue
437 1362 487 1403 ad
522 1360 773 1403 inferiorem
808 1361 965 1416 speaat
1000 1361 1286 1416 superficiem,
1321 1362 1553 1404 retrorsum
1582 1374 1624 1405 et
1644 1365 1731 1407 sur-

118 1427 208 1468 sum
255 1426 434 1482 oblique
469 1426 520 1468 ad
557 1425 667 1467 basm
704 1435 847 1468 aortae
881 1435 1108 1476 mouetur3
1159 1436 1207 1467 vt
1242 1426 1418 1468 dimidia
1454 1427 1631 1484 obliqua
1665 1432 1731 1472 in-

120 1491 251 1533 ferior
286 1503 378 1546 pars
414 1490 638 1532 ventriculi
674 1504 781 1546 ergo
817 1490 1070 1543 antrorsum.,
1106 1491 1296 1546 superior
1329 1492 1560 1534 retrorsum
1582 1494 1730 1536 secun·

120 1557 222 1597 dum
275 1556 502 1597 sectionem
551 1556 780 1598 ventriculi
816 1555 1087 1610 diagonalem
1123 1557 1343 1613 trahatur,
1398 1567 1441 1599 et
1476 1567 1638 1603 tortura
1670 1559 1727 1604 fic

117 1621 250 1665 tot1'us
285 1619 514 1663 ventriculi
551 1619 786 1675 diagonalis
822 1619 1046 1665 efficiatur.

279 1750 462 1793 Dimidia
499 1750 658 1806 obliqua
689 1757 789 1806 pars
823 1749 988 1808 inferior
1023 1751 1236 1796 ventriculi
1267 1750 1353 1809 ipsa
1387 1751 1559 1795 eiusdem

796 1823 894 1870 pars
929 1816 1072 1873 venosa
1107 1818 1171 1873 cst.

310 1879 398 1922 Iam
434 1880 518 1935 ipsa
556 1881 659 1922 haec
697 1880 871 1922 dimidia
907 1882 1085 1937 obliqua
1118 1895 1213 1938 pars
1248 1881 1478 1925 ventriculi
1513 1878 1722 1936 inseri0r‚'

120 1957 224 1999 quae
278 1943 352 1985 filo
407 1946 612 1999 posterius
661 1946 934 2000 cartilagineo
969 1947 1190 2002 posteriori
1226 1948 1384 1990 finistro
1419 1958 1464 1990 et
1496 1948 1719 1990 interstitio

117 2020 211 2049 toto
249 2009 358 2049 inter
395 2011 490 2051 bina
528 2010 597 2050 fila
633 2009 780 2052 sinissra
819 2012 1099 2066 terminatur,
1146 2027 1284 2068 quae,
1320 2014 1524 2069 angulum
1559 2012 1718 2053 ventii-

115 2074 197 2114 cnli
237 2073 397 2118 finistri„
434 2075 500 2114 scu
540 2074 678 2127 tuber,
714 2085 854 2117 totum
891 2077 1136 2131 complexa,
1171 2078 1354 2120 sectione
1389 2078 1608 2120 sinisterius
1628 2076 1717 2116 dia-

114 2138 287 2193 gonali,
326 2137 393 2177 seu
433 2140 575 2190 linea,
610 2152 630 2180 a
667 2139 747 2181 fine
786 2140 845 2181 fili
883 2142 1143 2197 cartilaginci
1179 2144 1402 2185 anterioris
1439 2142 1614 2194 oblique
1650 2139 1716 2180 su·

113 2216 188 2257 per
224 2203 459 2256 marginem
497 2203 547 2243 ad
584 2203 710 2245 finem
748 2205 863 2247 striae
901 2207 1048 2258 dnCta,
1085 2209 1301 2250 dexterius
1337 2205 1421 2260 ipfil
1456 2204 1564 2255 stria,
1599 2203 1714 2245 limi-

113 2277 192 2308 tata
229 2266 300 2316 cst,
336 2278 498 2320 partem
535 2269 676 2310 exacte
714 2272 906 2312 continet
942 2272 1167 2315 ventriculi
1198 2271 1409 2314 venos-‚un-
1479 2266 1713 2312 Orificium

172 2329 294 2373 Noua
312 2331 416 2371 „ma
435 2331 565 2372 Acad.
585 2331 687 2388 imp.
706 2332 776 2378 Sc.
795 2333 837 2376 Τ.
859 2334 896 2376 1.
1221 2336 1244 2377 I
1275 2335 1290 2376 i
1595 2334 1713 2378 euim
