2007 2677
673 182 828 210 ===
863 166 1021 222 (233)
1051 182 1204 196 ——

131 302 229 333 *non
274 285 444 343 potest,
501 285 602 338 quin
648 294 756 336 apex
802 280 872 321 ille
911 282 1138 322 ventriculi
1175 281 1317 331 versus
1355 282 1465 325 bafin
1501 286 1749 328 retrahatur.

140 355 332 397 Videtur
370 351 543 404 quidem
578 345 879 400 longitudinali
917 347 1140 387 directioni
1179 347 1341 401 septum
1379 347 1559 400 obstare,
1589 351 1655 391 cui
1676 365 1751 405 per

141 430 280 460 totam
326 415 642 468 longitudinem
677 410 943 451 ventriculus
980 411 1155 452 adnatus
1191 411 1270 460 est3
1323 425 1473 453 verum
1511 413 1551 453 ἃ
1587 417 1750 469 promi-

143 493 216 523 net
252 477 512 522 ventriculus
548 476 667 530 apice
704 474 777 515 sno
814 488 912 529 prae
950 473 1085 529 septo,
1125 489 1211 529 quo
1248 478 1443 519 contrahi
1479 491 1584 532 crgo
1614 479 1751 534 potest

143 546 264 600 septo
314 545 536 593 immoto,
590 551 633 581 et
688 540 957 584 contrahitur
1001 541 1181 580 omnino
1218 543 1345 582 etiam
1384 542 1547 597 septum
1584 545 1747 586 afflone

140 608 283 651 cordis
328 604 560 646 secundum
597 605 938 659 longitudinem3
994 617 1092 645 cum
1129 603 1245 644 fibris
1282 605 1386 646 illud
1424 608 1748 661 longitudinali-

139 673 244 723 bus,
284 683 364 725 qua
399 680 517 724 parte
553 671 595 710 in
633 671 859 710 cauitatem
895 668 1235 709 ventriculorum
1272 670 1467 723 respicit,
1504 673 1746 715 instructum

136 735 209 777 est.
282 735 502 790 Quantum
538 747 642 789 ergo
679 733 898 787 prominet
933 733 1193 773 ventriculus
1231 747 1328 787 prae
1366 734 1501 789 septo,
1537 748 1580 777 ct
1617 752 1747 792 quan-

137 809 229 841 tum
274 811 404 853 porro
450 798 614 853 septum
658 798 794 853 ipsum
830 798 872 838 in
910 797 1050 838 cordis
1088 797 1251 838 :ustione
1288 798 1519 839 secundum
1556 801 1746 856 longitu-

136 865 282 905 dinem
320 864 620 915 contrahitur,
664 861 926 904 ventriculus
963 862 1004 903 in
1042 861 1192 915 systole
1230 863 1372 905 cordis
1411 863 1582 906 breuior
1619 880 1746 920 quam

137 930 178 970 in
217 928 388 970 diastole
424 930 517 969 erit.
586 928 714 970 Haud
751 928 893 970 minor
928 937 1068 969 tamen
1107 929 1392 971 transuersalis
1428 930 1555 972 etiam
1587 934 1746 974 ventri·

137 994 223 1035 culi
262 994 500 1035 constrictio
535 993 625 1045 est,
671 1001 876 1047 quatenus
914 992 978 1032 his
1014 991 1109 1045 ipfis
1145 991 1263 1033 fibris
1314 995 1501 1035 externis
1538 995 1744 1046 efficitur;

137 1071 237 1100 cum
274 1059 389 1100 nulla
424 1057 625 1099 fibrarum
659 1057 822 1099 ordinis
859 1055 1056 1107 secundi,
1092 1057 1202 1097 tertii
1239 1066 1283 1098 et
1318 1059 1480 1111 quarti,
1518 1060 1567 1100 ad
1604 1060 1746 1116 longi-

137 1124 332 1164 tudinem
368 1123 656 1164 ventriculum
693 1120 944 1162 contrahere
978 1120 1118 1176 poffit,
1156 1121 1258 1174 quin
1295 1134 1444 1177 margo
1476 1123 1517 1163 in
1540 1123 1744 1179 superiori

137 1186 358 1241 superficie
394 1186 537 1228 verius
574 1199 742 1228 crenam
778 1185 931 1237 simul,
977 1186 1020 1226 in
1055 1184 1249 1226 inferiori
1285 1186 1426 1228 versus
1461 1187 1599 1229 striam
1621 1219 1634 1242 ‚
1671 1190 1744 1232 ad·-

136 1251 330 1293 ducatur.
401 1251 596 1293 Maxime
631 1251 867 1292 notabilem
902 1259 1043 1292 autem
1080 1251 1121 1291 in
1159 1250 1290 1304 apicis
1323 1252 1502 1306 regione
1533 1263 1745 1297 transuer-

137 1315 265 1357 salem
302 1316 641 1358 constrictionem
679 1316 759 1357 effe
796 1325 971 1370 oportet
1006 1315 1064 1356 ob
1100 1313 1224 1355 fibras
1260 1316 1438 1358 radiatas
1474 1316 1743 1371 superiores,

139 1394 246 1434 quae
299 1381 439 1422 multo
491 1379 796 1436 posterioribus
856 1379 976 1420 fibris
1028 1379 1253 1434 propiores
1306 1381 1449 1422 ductui
1503 1385 1743 1426 transuerso

136 1445 246 1495 sunt,
282 1454 326 1486 et
360 1446 466 1487 hanc
500 1444 726 1486 ventriculi
761 1452 944 1498 partem,
980 1444 1115 1498 magis
1151 1444 1265 1484 intus
1299 1456 1478 1487 vacuam
1513 1447 1680 1500 papillis
1701 1454 1745 1489 et·

136 1510 351 1550 columnis
387 1510 578 1561 carneis,
616 1508 768 1563 quibus
804 1507 968 1562 reliqua
1002 1521 1096 1563 pars
1132 1508 1295 1562 repleta
1329 1509 1412 1566 est,
1455 1513 1657 1568 proxime
1693 1512 1745 1556 ad

136 1572 302 1629 septum
337 1586 418 1629 pro
454 1573 522 1615 sua
558 1573 786 1616 direfflone
822 1573 1032 1615 adducere
1067 1573 1253 1629 possunt.

268 1704 331 1747 De
374 1704 600 1761 diuersitate
643 1702 838 1756 fibrarum
881 1705 1038 1757 cordis,
1090 1714 1127 1746 et
1161 1705 1339 1747 ordInum
1372 1701 1613 1760 diuerfhrum

619 1767 821 1820 fibrarum
855 1769 1064 1812 ventriculi
1085 1770 1249 1826 finisti-i.

329 1833 378 1875 In
415 1833 532 1875 fibris
568 1833 935 1888 ventriculorum‚
991 1848 1169 1889 quarum
1221 1835 1451 1890 pleraeque
1485 1833 1556 1876 vel
1592 1845 1615 1876 a
1651 1846 1745 1877 cre·

140 1909 190 1938 na
227 1896 447 1950 oriuntur,
498 1898 720 1951 flexacquc
758 1898 866 1940 circa
901 1900 1135 1954 marginem
1171 1901 1212 1940 in
1249 1900 1386 1942 stri-am
1420 1899 1625 1952 redeunt,
1672 1899 1743 1942 vel

140 1971 256 2001 ortae
293 1975 313 2002 a
349 1962 440 2004 stria
492 1963 716 2016 flexacque
770 1964 879 2004 circa
931 1965 1166 2019 marginem
1218 1965 1399 2006 redeunt
1438 1956 1491 2005 'in
1543 1977 1743 2016 trenam,

139 2027 300 2078 duplici
339 2029 500 2067 ratione
539 2026 622 2067 fixa
658 2026 799 2080 sedes,
835 2028 904 2068 vel
940 2031 1142 2083 punitum
1178 2029 1339 2082 fixum,
1375 2039 1418 2070 et
1452 2029 1624 2070 mobilis
1662 2029 1741 2069 effe

138 2090 298 2144 potcst3
354 2091 718 2144 quemadmodum
755 2092 797 2132 in
836 2093 1120 2135 dissertatione
1157 2095 1208 2135 de
1246 2095 1385 2136 dextri
1431 2092 1654 2135 ventriculi
1691 2092 1745 2132 fi·

140 2155 225 2195 bris
278 2155 464 2196 externis
517 2156 600 2196 iam
653 2158 866 2198 monitum
901 2158 971 2199 est.
1041 2159 1128 2202 Vel
1165 2160 1279 2200 enim
1315 2160 1364 2201 ad
1402 2159 1572 2199 alteram
1617 2155 1742 2198 fibra·

139 2232 233 2260 rum
270 2221 592 2261 extremitatem
642 2220 727 2263 fixa
762 2222 905 2276 sedes,
956 2224 1132 2266 mobilis
1169 2225 1218 2266 ad
1256 2225 1426 2266 alteram
1464 2221 1570 2274 erit,
1621 2220 1740 2263 ficuti

139 2285 180 2326 in
236 2284 451 2338 plerisque
505 2283 702 2327 musculis
754 2300 821 2328 res
877 2286 915 2330 se
969 2289 1122 2341 habet5
1172 2289 1242 2330 vel
1287 2287 1366 2327 erit
1407 2284 1527 2327 sedes
1570 2284 1655 2327 fixa
1689 2286 1743 2327 ad

203 2346 325 2392 Noua
345 2349 449 2391 Ac‘la
468 2349 601 2392 Acad.
619 2349 723 2407 Imp.
743 2348 778 2393 S
780 2365 815 2395 c.
835 2350 879 2393 T.
899 2350 937 2394 1.
1203 2351 1241 2395 G
1276 2362 1303 2406 g
1579 2361 1742 2392 Vtram-
