2007 2677
666 173 819 200 ==
852 153 1009 210 (245)
1043 173 1197 190 -··

119 272 269 331 primis
305 283 490 324 earum,
527 280 635 324 quae
670 268 852 310 omnino
888 268 1185 323 transuersim‚
1238 276 1281 310 et
1313 270 1542 315 retrorsum
1577 274 1740 330 paulis-

118 352 195 395 per
230 339 280 380 ad
318 337 427 378 basin
451 365 465 387 .,
518 332 887 388 progrediuntur,
943 334 1169 388 proximae
1205 334 1314 389 apici
1351 336 1452 387 sint3
1508 337 1597 380 sola
1631 340 1740 382 haec

119 416 215 458 pars
252 402 440 443 anterior
475 408 647 451 quoque
683 397 950 449 ventriculi,
986 399 1095 451 apici
1131 400 1374 455 propinqua
1397 431 1411 454 ‚
1450 411 1614 443 tantum
1650 417 1743 446 ma-

120 466 204 509 iori
255 466 328 506 illa
377 473 423 504 et
469 459 666 513 singulari
719 461 763 501 vi
818 461 1086 502 transuerfim
1122 464 1173 504 ad
1227 464 1390 518 septum
1442 467 1740 522 adstringitur;

123 531 231 572 adeo
265 538 335 576 vt,
378 524 451 566 nisi
486 524 579 565 aliis
614 522 732 565 fibris
769 524 960 566 defestus
997 527 1308 569 constrictionis
1344 531 1387 571 in
1424 541 1542 585 parte
1577 533 1743 573 ventri-

122 594 206 636 culi
239 590 461 645 posteriori
498 587 734 642 suppletur,
769 589 1051 644 inaequaliter
1084 591 1369 646 ventriculus,
1395 596 1536 637 minus
1556 597 1599 637 in
1619 606 1739 652 parte

118 654 341 711 posteriori
363 684 376 706 ,
426 653 560 707 magis
596 653 781 694 anterius
820 653 931 695 circa
967 654 1171 708 apicem,
1225 654 1376 707 systole
1413 661 1741 715 constringatur.

118 719 288 761 Verum
322 719 366 759 id
401 717 538 772 ipsum
573 715 691 756 fibris
727 717 883 757 mediis
918 716 1137 770 efficitur,
1193 722 1561 772 quemadmodum
1597 727 1640 765 in
1677 725 1741 766 se-

118 783 349 839 quentibus
384 780 618 837 apparebit.
688 777 968 834 Copiofiores
1005 781 1103 822 illac
1141 783 1298 836 multo,
1333 784 1738 844 frequentiorcsque

117 858 162 889 ct
207 846 409 889 fortiores
443 843 701 887 transuersae
738 845 782 885 in
817 854 937 899 parte
973 847 1203 889 ventriculi
1238 848 1465 903 posteriori
1487 880 1501 903 ‚
1553 853 1740 894 rariores

118 912 161 953 in
199 911 418 963 anteriori,
453 910 746 963 reperiuntur,
780 917 828 948 vt
862 908 947 963 ipsa
983 909 1057 951 illa
1092 921 1369 955 externarum
1404 914 1612 958 fibrarum
1647 917 1742 959 suc·

119 976 271 1018 cessiua
303 974 448 1016 versus
485 973 654 1028 apicem
689 969 878 1024 respectu
913 972 1160 1016 directionis
1197 979 1414 1032 mutatio,
1461 993 1544 1035 qua
1591 980 1741 1023 senfim

118 1041 162 1082 in
199 1038 495 1082 transuersales
532 1049 588 1078 ex
623 1035 813 1089 obliquis
853 1036 1085 1091 transeunt,
1121 1048 1322 1095 tanquam
1349 1043 1643 1098 compensatio
1666 1047 1743 1089 de-

118 1103 255 1146 fectus
308 1103 548 1144 mediarum
601 1099 946 1143 transuersalium
989 1102 1033 1144 in
1084 1113 1202 1158 parte
1238 1107 1445 1148 auteriori
1482 1109 1740 1153 confiderari

119 1168 280 1223 possit,
331 1178 375 1208 et
428 1179 528 1207 eum
572 1177 679 1220 ergo
721 1166 765 1207 in
801 1164 936 1208 finem
970 1166 1114 1221 potius
1150 1167 1282 1212 fibrae
1320 1171 1483 1214 ordinis
1522 1174 1658 1227 quarti
1693 1174 1739 1216 in

120 1233 295 1273 ducrum
341 1231 488 1272 senfim
535 1229 818 1273 transuersum
854 1240 1109 1284 mutentur,
1163 1242 1212 1275 vt
1246 1236 1412 1289 aequali
1447 1237 1539 1279 iure
1574 1238 1739 1292 vbique

120 1295 355 1337 secundum
400 1305 534 1337 totam
569 1295 888 1350 longitudinem
922 1296 1190 1340 ventriculus
1227 1301 1499 1344 transuerfirn
1533 1302 1740 1359 constrin-n

119 1371 257 1416 gatur.

315 1424 632 1481 Longitudinalis
667 1425 881 1468 εοηιναέῖίο
911 1426 1048 1481 partis
1081 1427 1297 1471 anterioris
1332 1431 1543 1486 marginis.

319 1490 438 1532 Dum
472 1491 604 1532 fibrae
637 1503 743 1532 vero
778 1506 800 1533 a
835 1504 962 1533 crena
997 1492 1047 1533 ad
1084 1493 1234 1536 focum
1268 1496 1621 1550 progrediuntur,
1649 1497 1736 1542 siue

119 1554 378 1610 posteriores
425 1557 558 1609 magis
602 1555 838 1610 obliquae,
891 1555 975 1596 siue
1012 1558 1270 1600 transuersae
1307 1559 1386 1601 hae
1426 1559 1585 1602 fuerint
1618 1573 1737 1605 ante-

122 1620 284 1668 riores;
322 1621 559 1674 marginem
593 1619 736 1661 versus
771 1622 941 1676 primo,
978 1620 1158 1677 oblique
1194 1622 1264 1664 vel
1301 1625 1603 1678 transuerstm,
1642 1636 1736 1668 ten-

123 1685 243 1726 dunt.
312 1685 384 1725 Ad
439 1698 537 1726 eum
592 1684 764 1725 demum
809 1696 1007 1728 curuatac
1042 1686 1186 1729 versus
1224 1686 1408 1740 focum,
1461 1689 1504 1730 in
1541 1691 1734 1746 margine

123 1748 264 1801 fitum,
300 1749 542 1801 fled'tuntur,
578 1761 758 1802 eamque
793 1750 845 1792 fic
882 1751 1083 1805 marginis
1119 1761 1301 1806 partem,
1339 1766 1444 1807 quae
1472 1754 1637 1810 reliqua
1659 1756 1734 1808 cst„

122 1814 174 1853 ad
213 1812 359 1853 focum
396 1826 532 1869 vsquc
570 1825 836 1868 percurrunt.
905 1816 952 1857 In
989 1829 1043 1857 eo
1079 1816 1230 1858 itinere
1268 1816 1307 1858 se
1343 1818 1580 1874 adiungunt
1615 1819 1732 1862 fibriq

123 1877 238 1917 tertii
274 1879 465 1927 ordinis„
501 1889 544 1918 ct
580 1879 619 1917 in
659 1876 804 1918 focum
840 1879 1119 1935 superiorem,
1157 1882 1354 1937 proxime
1392 1884 1511 1926 iuxta
1546 1886 1732 1939 priores,

122 1940 376 1983 inseruntur.
449 1940 693 1984 Conse-runt
736 1955 840 1998 ergo
888 1946 1046 1999 aliquid
1083 1947 1132 1988 ad
1171 1947 1507 1990 contractionem
1543 1950 1732 2004 longitu-

124 2006 309 2046 dinalcm
346 2008 473 2060 parti>
511 2007 731 2049 anterioris
768 2010 968 2064 marginis
992 2039 1005 2062 ‚
1050 2022 1093 2052 et
1127 2011 1369 2066 conspirant
1403 2014 1444 2054 in
1481 2027 1529 2054 ca
1565 2015 1726 2055 actione

122 2083 221 2115 cum
258 2069 373 2111 fibris
410 2072 572 2112 ordinis
609 2073 737 2124 tertii,
776 2074 1032 2128 quibuscum
1067 2090 1194 2119 vnam
1229 2077 1496 2131 eandemque
1526 2079 1726 2130 marginis·

122 2145 287 2189 partem
324 2136 599 2188 contrahunt,
635 2147 725 2178 tum
762 2152 935 2194 quoque
973 2150 1145 2183 catenus
1182 2155 1281 2183 cum
1316 2141 1432 2182 fibris
1469 2141 1629 2181 ordinis
1663 2140 1726 2181 se·—

123 2200 250 2240 cuudi
273 2229 287 2250 ‚
343 2213 448 2254 quae
493 2201 773 2254 posteriorem
821 2205 1148 2262 crassiorcmque
1186 2207 1386 2261 marginis
1422 2215 1586 2257 partem
1622 2217 1728 2246 con·-

126 2263 356 2320 stringunt,
393 2273 438 2305 vt
470 2276 635 2321 partem
670 2267 720 2311 ab
754 2268 839 2310 illis
874 2271 1065 2312 relid'tam
1102 2272 1400 2324 constringant.

854 2335 896 2378 H
916 2335 946 2377 h
984 2348 1007 2385 3
1629 2332 1727 2376 Sit:—
