2007 2677
703 174 857 202 ===
891 158 1046 216 (237)
1080 174 1234 203 ι---

260 276 377 321 Amo
402 275 605 330 fibrarum
639 273 788 316 orditzis
810 272 988 328 secundi.
1058 271 1184 316 Sedes
1217 273 1391 327 fixiores
1426 282 1463 317 ee
1498 272 1673 319 mobiles.

357 373 504 415 Fibrae
541 370 702 414 ordinis
740 368 938 421 secundi,
977 370 1045 412 seu
1083 370 1224 422 funes,
1260 371 1483 426 primariae
1513 373 1594 414 effe
1622 373 1774 415 viden-

164 450 230 482 tur
264 440 374 481 inter
407 449 557 478 omnes
593 444 790 476 externas
831 435 1053 476 ventriculi
1089 435 1259 488 finistri,
1304 437 1473 478 roboris
1510 451 1599 481 non
1635 439 1772 480 modo

164 503 375 558 respectu,
413 513 500 554 quo
536 499 731 553 pollent,
771 498 839 541 scd
877 511 1019 541 natura
1056 501 1230 542 aelionis
1268 514 1444 557 quoque
1479 511 1522 542 et
1555 501 1645 544 vffi.
1684 500 1771 545 Or·

163 579 225 609 tae
261 580 282 607 a
317 574 411 605 toto
448 564 721 619 cartilagineo
759 563 834 605 filo
870 566 1070 607 anteriori
1122 564 1280 605 sinistro
1316 566 1493 621 oblique
1530 567 1580 608 ad
1616 569 1772 622 margi-

159 642 257 672 nem
293 629 561 683 diuergcndo
607 629 854 670 decurrunt.
939 630 1096 672 Flexae
1152 630 1260 670 circa
1312 632 1550 684 marginem
1602 633 1771 686 apicem

155 693 298 735 versus
336 707 486 749 porro,
524 694 754 748 denuoque
791 694 1126 749 conuergendo,
1164 693 1451 746 descendunt,
1489 697 1770 756 angustioresf

157 759 317 813 quein
354 758 484 799 finem
539 758 656 799 striae
709 757 944 812 socumque
997 756 1250 799 inferiorem
1303 758 1565 807 inseruntnr5
1617 772 1662 801 vt
1697 758 1770 802 an·'

154 823 314 878 gustior
349 822 469 864 fascia
505 823 717 878 principio
747 832 788 863 et
823 822 906 863 fine
944 823 1129 864 mediam
1166 832 1330 878 partem
1365 823 1495 877 longe
1532 824 1768 866 latiffimam

155 889 335 939 habeat,
387 901 522 942 eaque
573 897 708 928 totam
760 887 981 928 dimidiam
1034 888 1315 942 posteriorem
1364 887 1568 942 marginis
1603 888 1767 943 partem

155 953 465 1007 compleRatur
499 962 624 1005 atque
660 951 870 992 inuoluat.
939 950 1082 992 Aliter
1116 965 1222 1006 ergo
1261 965 1360 994 cum
1397 953 1463 994 his
1504 964 1630 1008 atque
1667 967 1768 995 cum

154 1017 283 1073 primi
320 1017 482 1057 ordinis
519 1015 635 1056 fibris
677 1025 970 1069 comparatum
1007 1015 1077 1056 est.
1149 1016 1196 1057 ln
1234 1016 1376 1057 media
1411 1017 1490 1058 hae
1526 1027 1642 1071 parte
1678 1018 1767 1072 sui,

156 1096 267 1138 qna,
311 1081 447 1122 flexae
484 1082 593 1121 circa
630 1080 892 1134 marginem,
945 1079 1239 1131 dextrorsum,
1275 1080 1388 1122 vnde
1423 1092 1652 1134 venerant,
1696 1097 1766 1124 re·

157 1147 315 1198 deunt,
352 1145 493 1187 sedem
529 1145 830 1195 mobiliorem,
868 1143 1042 1186 fixiores
1079 1144 1195 1186 ledes
1231 1146 1272 1185 in
1311 1145 1525 1200 principio
1554 1145 1605 1186 ad
1640 1146 1763 1189 filum

156 1211 477 1265 cartilagineum
513 1209 716 1251 finistrum
753 1209 964 1262 anterius,
1000 1218 1229 1266 aortaeque
1264 1210 1485 1266 radicem,
1521 1220 1565 1254 et
1596 1211 1641 1253 in
1676 1210 1760 1254 fine

155 1277 206 1318 ad
243 1275 390 1320 focum
423 1273 703 1330 inferiorem,
741 1273 920 1316 habent.

364 1407 481 1450 Aaio
510 1409 661 1463 prima.
731 1405 964 1462 Constrielio
1000 1408 1211 1451 ventrIcuIi
1252 1406 1547 1465 transuersalis.

345 1503 486 1546 Prima
521 1518 626 1559 ergo
670 1505 777 1547 ad'tio
829 1504 1030 1546 fibrarum
1082 1505 1245 1548 ordinis
1298 1504 1472 1548 secundi
1517 1504 1759 1549 constrictio

150 1569 377 1611 ventriculi
414 1568 694 1611 transuersalis
730 1569 812 1623 est,
851 1583 978 1625 quam
1015 1583 1296 1611 communem
1332 1571 1493 1612 scilicet
1527 1584 1626 1612 cum
1663 1585 1758 1613 cae-

151 1635 251 1676 teris
288 1632 374 1675 sere
428 1633 629 1675 omnibus
681 1634 806 1677 huius
858 1635 1084 1676 ventriculi
1137 1634 1255 1676 fibris
1301 1635 1486 1687 habent,
1539 1647 1756 1691 quamque

148 1697 368 1751 efficiunt,
421 1699 522 1739 dum
577 1698 775 1752 marginis
825 1711 987 1755 partem
1026 1700 1245 1741 dimidiam
1281 1700 1589 1754 posteriorem,
1625 1713 1755 1757 quam

150 1763 521 1817 compleRuntnr,
558 1763 820 1804 transuerfim
855 1766 906 1806 ad
943 1764 1107 1819 septum
1143 1765 1373 1806 adducunt.
1443 1764 1602 1821 Neque
1637 1766 1753 1808 enim

149 1827 200 1867 ad
238 1827 347 1869 bafin
384 1828 560 1884 oblique
596 1827 849 1880 retrorsum,
897 1830 1011 1871 vnde
1047 1829 1178 1872 fibrae
1214 1831 1255 1871 in
1293 1830 1530 1885 marginem
1582 1829 1755 1872 descen-

148 1891 282 1943 dunt,
334 1905 474 1948 neque
527 1891 760 1933 antrorsum
797 1894 848 1934 ad
892 1895 1081 1948 apicem5
1137 1895 1339 1950 quorsum
1390 1896 1752 1951 progrediuntur,

148 1956 322 1997 dimidia
358 1958 462 1998 haec
499 1957 697 2010 marginis
733 1971 827 2011 pars
862 1958 1094 2013 posterior,
1147 1960 1215 2001 sed
1252 1961 1361 2002 resta
1397 1961 1664 2003 transuerfim
1699 1960 1750 2002 ad

149 2021 340 2075 septum,
375 2020 441 2062 seu
478 2022 665 2071 lineam,
700 2021 750 2063 ab
787 2034 881 2064 ortn
919 2023 1119 2066 fibrarum
1155 2027 1266 2067 recia
1301 2026 1352 2067 ad
1387 2025 1517 2068 finem
1554 2027 1748 2078 ductam,

147 2084 266 2139 septo
302 2086 571 2139 parallelam,
622 2086 685 2127 his
721 2086 836 2129 fibris
873 2089 1062 2144 obliquis
1114 2090 1198 2132 fine
1252 2090 1470 2145 spiralibus
1519 2098 1748 2141 mouetur,

148 2163 254 2204 quae
292 2163 425 2204 acque
477 2149 702 2191 retrorsum
755 2153 913 2208 quippe
949 2164 992 2194 et
1026 2155 1294 2196 dextrorsum
1331 2169 1352 2197 a
1388 2155 1525 2195 media
1563 2152 1647 2205 sui,
1694 2153 1745 2195 ad

145 2215 381 2269 marginem
417 2215 574 2268 polita,
619 2227 734 2270 parte
770 2218 911 2260 versus
947 2220 1232 2274 principium,
1285 2234 1330 2262 ac
1367 2216 1601 2258 :introrsum
1639 2218 1747 2260 dex-

144 2279 325 2322 trorsum
352 2280 403 2322 ad
437 2279 568 2321 finem
604 2281 856 2334 decurrunt3
891 2285 1074 2339 proinde
1112 2286 1254 2340 quoad
1290 2292 1457 2324 motum
1491 2281 1634 2325 versus
1673 2283 1746 2323 ba-

953 2348 990 2391 G
1012 2362 1039 2403 g
1076 2362 1100 2399 3
1683 2347 1745 2390 fin
