2007 2677
647 237 803 275 ==
835 226 992 288 (35⁵)
1025 237 1179 274 ἐ

296 346 468 392 Orbitae
504 349 546 391 in
584 346 733 390 medio
768 348 931 390 vertice
984 349 1332 406 approximatae‚
1388 345 1554 392 fornice
1589 361 1714 395 eom·

97 417 218 459 muni
255 415 435 468 didymo
472 412 654 469 seu''per
690 413 882 454 medium
920 412 1291 468 longitudinaliter
1327 410 1714 471 excauatog'vp'ros

95 481 435 524 ‘minentiffimam
505 476 625 519 Pone
677 478 840 520 orbitas
892 488 1045 520 vertex
1098 479 1275 535 planus,
1327 479 1471 522 versus
1523 480 1711 524 micham

98 548 210 591 inter
246 545 381 589 cristas
419 543 522 586 duas
558 541 628 620 seu
665 543 825 586 carinas
861 543 1085 600 parallelas
1123 545 1351 600 depressus.

293 676 584 732 operculorum
635 675 792 718 lamina
830 677 949 732 prior
984 676 1247 719 subocularis
1285 678 1588 732 patentissima,
1637 678 1712 720 de-

97 743 242 785 orsum
280 743 430 784 obtuse
468 742 709 793 bidentata
745 742 912 783 ext-imo
951 742 1110 796 angulo
1148 752 1305 783 armata
1341 742 1463 797 spina
1497 756 1580 784 vna
1608 743 1714 784 bre·

94 810 245 861 tiore,
283 806 499 857 subtilata
536 806 779 848 extrorsum
815 805 957 858 versa,
1003 805 1206 858 alteraque
1243 795 1506 860 lougiffima,
1544 807 1716 848 lineari·-

96 873 313 923 subulam,
351 886 428 927 per
464 871 578 912 strias
616 871 897 922 scaberrima‚
933 870 1139 911 interiore
1176 869 1307 910 latere
1345 871 1465 911 vncis
1505 870 1602 923 sex,
1641 871 1716 924 (in

94 938 251 979 finistra
287 937 473 991 septem)
501 935 694 986 hamata,
731 944 775 975 et
811 935 867 974 ita
903 934 1135 975 retrorsum
1175 935 1356 987 directa,
1373 944 1421 976 vt
1457 948 1557 976 cum
1593 947 1717 976 com-

93 1016 196 1059 pare
235 1001 407 1043 alterius
446 1000 587 1041 lateris
628 998 714 1040 fere
752 998 954 1054 parallela
990 999 1138 1053 rigeat.
1204 997 1401 1052 Posterior
1434 999 1506 1040 vel
1542 1002 1718 1055 propria

96 1066 409 1123 operculorum
473 1064 630 1105 lamina
683 1063 1047 1105 submucronato-
1061 1072 1207 1116 acuta,
1263 1060 1470 1104 inferiore
1523 1066 1716 1118 margine

94 1132 219 1187 supra
255 1129 438 1172 membr.
479 1129 847 1183 branchiostegam
902 1129 1182 1169 mucronibus
1240 1141 1279 1167 2.
1319 1127 1520 1170 breuibus
1559 1142 1715 1184 appro-

95 1197 269 1239 ximatis
324 1203 495 1236 armata.
567 1192 808 1234 Membrana
860 1191 1106 1234 bramhialis
1150 1186 1271 1247 laxa,
1325 1193 1481 1236 isthmo
1533 1195 1712 1252 adnata3

92 1262 226 1306 radiis
264 1268 432 1304 tantum
472 1271 512 1308 5.
552 1259 796 1301 distantibus
833 1258 1040 1304 instructa.

295 1376 444 1432 Pinnae
475 1389 698 1444 pec'ioralcs
743 1389 985 1444 latiffimae,
1038 1389 1320 1444 τιῐτιοΐοιπιες,
1374 1401 1516 1434 totum
1569 1390 1709 1435 hiatus

101 1456 356 1499 branchialis
409 1456 646 1510 marginem
685 1454 828 1495 subtus
883 1467 1166 1506 coronantes,
1219 1456 1402 1508 molles,
1454 1452 1708 1511 variegatae.

96 1521 308 1564 “Ventrales
343 1517 650 1573 intermediae,
681 1517 819 1560 ferme
856 1520 1446 1578 iug111a1e5,angustiffimae,
1468 1521 1709 1565 biradiatae.

298 1649 454 1705 Corpus
506 1650 689 1704 gracile,
742 1664 765 1692 e
803 1651 925 1692 tereti
979 1651 1280 1703 adtenuatum.,
1331 1651 1475 1692 versus
1531 1653 1709 1694 caudam

103 1716 418 1771 compressum,
457 1714 748 1770 alepidotum,
800 1715 905 1758 serie
942 1717 1142 1769 vtrinque
1178 1716 1410 1757 secundum
1450 1717 1648 1770 dorsum,
1685 1731 1708 1760 a

103 1780 548 1822 finu'·br'·.mchi*.tli¹·ad
587 1781 764 1821 caudam
801 1781 1135 1836 longitudinnli‚
1171 1779 1708 1824 tuberculorunroffeorum

104 1844 373 1894 scabrorum,
428 1843 739 1886 subimbricata.
811 1844 959 1889 Pinnae
994 1846 1169 1903 dmsales
1221 1846 1350 1888 ambo
1385 1847 1514 1888 radiis
1552 1846 1708 1890 flexili-

105 1909 209 1964 bus,
245 1920 288 1951 et
321 1910 382 1951 vti
418 1911 547 1951 cauda
583 1911 835 1966 variegatae.

840 2055 842 2058 -
869 2027 928 2071 V.

626 2101 917 2183 Cyprinus
965 2101 1181 2164 Labeo.

649 2203 746 2246 Tah.
785 2205 860 2247 Χ].
896 2207 977 2263 fig.
1019 2217 1060 2259 8,.
1097 2222 1144 2259 9.

302 2295 515 2352 copiosus
553 2299 594 2340 in
633 2298 822 2354 Onone,
859 2303 1024 2360 Ingoda
1061 2313 1103 2346 et
1139 2302 1334 2353 schilca,
1386 2302 1708 2346 verofimillime

107 2361 234 2414 etiam
271 2363 313 2402 in
350 2362 526 2418 reliquis
562 2378 638 2419 per
662 2366 954 2411 Amurem-in'
993 2369 1246 2411 orientalem
1283 2374 1492 2410 oceanum
1529 2368 1710 2411 effluen-

106 2428 109 2430 ’
876 2434 963 2487 Yy
1002 2447 1025 2472 2
1589 2433 1702 2476 tibus
