2007 2677
643 157 795 194 ===--b
830 146 1176 205 (a2s)='====

100 267 268 319 rustici,
304 279 455 308 omnes
495 263 671 320 quidem
706 262 817 303 inter
852 262 890 303 fe
927 265 1127 318 cognati,
1164 263 1329 318 saponis
1367 265 1635 308 confectores
1670 273 1714 307 et

100 346 156 375 ex
192 333 336 373 alienis
374 329 601 386 saponariis
636 326 842 374 officinis,
881 328 1033 380 quibus
1070 329 1206 371 aliena
1242 327 1377 370 ferrea
1412 343 1499 371 non
1537 330 1627 372 satis
1647 330 1713 371 so-

101 398 186 441 lida
215 398 264 437 ›in
300 396 373 438 vsu
410 396 520 444 sunt,
547 402 751 433 coemunt
786 391 1042 433 exstillatum
1078 394 1183 435 illud
1220 402 1263 434 et
1298 404 1552 435 concretum
1588 394 1710 436 alc-ali

103 461 183 503 sale
221 462 427 508 mixtum,
468 457 584 510 quod
622 456 754 497 massis
791 457 966 509 aliquod
1003 459 1150 511 pondo
1187 458 1331 498 rullica
1366 459 1649 514 aequantibus
1684 471 1707 500 e

102 524 312 566 cineribus
350 520 434 561 foci
471 521 647 560 eruitur.
718 521 905 561 Modum
942 522 1468 575 praeparandi-salaricum
1507 534 1709 578 tanquam

101 599 296 631 arcanum
332 585 406 626 fibi
443 585 629 636 servant,
675 585 862 639 ideoque
900 585 991 626 satis
1029 599 1226 640 magnam
1262 588 1352 628 cius
1392 589 1707 643 quantitatem,

97 651 265 708 pondus
320 649 593 704 quadraginta
643 648 848 690 librarum
892 649 1105 703 fingulum
1138 651 1281 706 pretio
1318 653 1405 695 duo
1441 653 1512 695 vel
1547 652 1709 707 sesqui-

97 716 226 758 trium
261 713 512 756 Rublonum
548 714 753 767 emporiis
790 714 997 753 vendunt.

265 843 326 897 ⁴§.
363 857 407 894 4.
474 839 705 882 Salar-icum
740 840 1002 882 Moscnense
1039 841 1213 884 affertur
1249 840 1387 885 forma
1413 843 1708 898 placentarum

97 904 445 955 disciforminm,
499 905 605 946 susci
643 906 837 957 coloris,
889 918 912 945 e
948 906 1078 947 stratis
1115 908 1346 960 plurimis,
1400 909 1706 963 conglutinatis

96 971 450 1036 compotitarnm:
489 970 683 1023 Suntque
721 969 799 1010 hac
835 969 1055 1024 placentae
1090 971 1274 1024 puritate
1311 984 1398 1030 non
1435 974 1617 1016 omnino
1637 987 1707 1015 ae-

96 1037 276 1091 quales,
329 1034 398 1076 sed
443 1045 609 1076 textura
652 1034 858 1075 lamellari
896 1035 1161 1075 conueniunt
1196 1048 1365 1076 omnes.
1434 1036 1540 1078 Ae’ri
1576 1039 1707 1080 etiam

93 1101 278 1145 humido
322 1100 563 1156 expolitum
599 1099 817 1141 salaricum
853 1097 1077 1140 foraneum
1114 1112 1201 1141 non
1238 1100 1510 1156 deliquescit.

454 1223 533 1286 A.
583 1223 1003 1306 Experimenta
1047 1225 1356 1305 analytica.

660 1340 1064 1405 Experimentum
1101 1358 1129 1392 1.

285 1420 322 1475 ς.
363 1432 404 1471 ς.
475 1419 707 1462 Salaricum
759 1421 946 1461 Moscua
999 1423 1172 1462 allatum
1217 1422 1400 1463 odorem
1437 1419 1568 1464 habet
1601 1432 1705 1462 nau·

93 1485 279 1538 seosum,
315 1486 482 1540 putride
520 1485 758 1533 vrinosum;
813 1485 930 1539 gustu
968 1486 1158 1540 linguam
1194 1486 1324 1528 afficit
1360 1487 1491 1528 salino
1527 1496 1571 1527 et
1604 1486 1703 1527 lixi-

90 1552 225 1592 vioso.
298 1550 446 1591 Prunis
483 1549 710 1603 inspersum
746 1563 894 1605 parum
934 1551 1184 1604 decrepitat.
1256 1551 1505 1592 Instillatum
1537 1548 1701 1592 Oleum

90 1616 268 1658 Vitrioli
325 1615 431 1656 acidi
486 1613 590 1655 Salis
643 1628 848 1671 vaporem
893 1615 1013 1656 illico
1049 1628 1106 1656 ex
1141 1615 1218 1656 illo
1254 1617 1436 1657 euoluit.
1508 1615 1701 1657 Soluitut

90 1694 197 1735 aqua
235 1679 355 1721 facile
392 1691 435 1720 et
471 1680 510 1719 in
547 1678 662 1720 filtro
698 1680 842 1722 sordes
879 1681 1019 1735 nigras
1054 1680 1262 1734 relinquit
1297 1690 1410 1721 tanta
1446 1681 1700 1735 quantitate,

90 1754 139 1785 vt
179 1746 328 1786 decem
366 1745 513 1785 vnciae
551 1743 706 1786 salarici
740 1745 1003 1801 sesquitres,
1055 1746 1149 1787 imo
1185 1745 1513 1802 sesquiquatuot
1548 1745 1699 1787 drach·

90 1821 180 1850 mas
217 1809 332 1851 filtro
367 1810 576 1851 amittant.

282 1939 374 1980 Hae
411 1939 552 1980 sordes
589 1938 686 1993 igne
721 1937 920 1980 vstulatae
957 1938 1147 1994 sumant,
1182 1948 1226 1981 et
1260 1940 1511 1995 relinquunt
1544 1938 1698 1994 pulue-

88 2014 178 2044 rem
215 2001 467 2056 cinereum,
513 2003 583 2058 qui
619 2003 786 2045 lotione
822 2004 863 2044 in
901 2007 1092 2047 arenulas
1129 2005 1414 2047 vitrescibiles
1450 2015 1494 2046 et
1529 2005 1693 2044 cineres

87 2067 299 2108 calcareos
336 2066 508 2109 secedit.
580 2066 807 2110 Calcareae
844 2068 1006 2123 sordeS,
1034 2084 1158 2114 arena
1193 2081 1237 2113 et
1271 2068 1578 2113 combustibilis
1605 2080 1696 2108 ma-

87 2132 189 2173 teria
225 2133 400 2186 aequale
436 2132 604 2175 circiter
638 2134 808 2188 pondus
843 2133 1052 2176 efficiunt.
1123 2136 1344 2178 Interdum
1381 2134 1520 2173 minus
1543 2142 1693 2174 arena·

86 2207 130 2239 et
163 2197 475 2252 aliquantulum
509 2198 811 2254 particularum
848 2200 1104 2243 martialium
1140 2202 1183 2243 in
1217 2200 1384 2243 refiduo
1420 2196 1660 2239 obseruaui-

848 2327 874 2375 S
896 2342 913 2371 s
951 2342 976 2381 a
1355 2301 1357 2303 Ι
1547 2324 1698 2382 Expe-
