2007 2677
808 208 960 226 --
991 195 1146 250 (248)
1178 208 1330 224 -·-···

273 315 392 358 diat-is
421 304 694 350 inferioribus
722 305 1103 362 longitudinalibus
1125 319 1372 365 occupatur.
1440 308 1561 352 Haec
1581 310 1675 354 sunt
1694 309 1868 354 effectus

273 390 315 420 et
350 375 646 430 phaenomena
682 382 883 425 externa,
923 385 1029 427 quae
1065 375 1251 416 exterius
1288 383 1332 415 et
1365 373 1408 414 in
1444 375 1674 428 parietibus
1708 376 1869 417 ventri-

272 441 355 481 culi
407 438 569 479 affione
624 435 826 478 fibrarum
868 446 1143 479 externarum
1178 440 1449 492 contingunt.
1520 439 1628 481 Sunt
1664 440 1869 492 quaedam

268 511 516 559 praeterea,
564 513 669 555 quae
710 501 783 554 5.)
830 500 942 542 intus
977 501 1019 541 in
1057 503 1235 543 cauitate
1270 501 1495 543 ventriculi
1532 504 1678 543 eadem
1719 502 1868 543 harum

270 567 489 617 fibrarum,
525 565 751 619 praecipue
787 565 958 606 illarum
992 565 1119 618 primi
1155 566 1315 606 ordinis
1338 594 1351 617 ‚
1408 566 1568 606 afflone
1607 567 1868 608 efficiuntur:

272 630 525 686 Angustatio
562 628 715 669 orificii
749 629 910 680 venofi7
952 628 1067 669 fibris
1105 628 1250 670 effecta
1285 629 1445 670 ordinis
1481 630 1620 682 primi,
1665 640 1868 684 quatenus

272 697 323 739 ad
376 694 514 736 striam
565 706 647 734 vna
698 706 796 734 cum
850 692 931 733 basi
985 693 1137 733 orificii
1187 703 1351 747 partem
1394 691 1640 732 inferiorem
1676 695 1867 742 trahunt3

273 759 468 814 quamuis
506 758 644 799 multo
679 758 858 798 validius
896 757 1011 796 idem
1048 756 1162 796 fibris
1201 757 1350 796 mediis
1388 756 1607 796 efficiatur.
1662 756 1869 798 Eiusdem

272 836 406 879 porro
442 821 570 875 partis
608 819 761 860 orificii
797 819 939 859 versus
976 820 1140 872 apicem
1178 820 1421 872 prou-udilo,
1461 820 1730 872 quovaluula
1750 821 1868 863 simul

272 896 493 942 promota,
530 891 677 925 contra
710 883 956 935 sanguinem
992 883 1217 923 ventriculi
1253 884 1398 936 pressa,
1435 884 1671 937 refellitur,
1711 893 1753 924 et
1787 886 1871 925 ori-

273 951 422 993 ficium
459 948 644 989 obturat.
714 945 917 998 Denique
955 945 1107 985 orificii
1145 945 1328 987 obturati
1366 956 1507 987 motus
1545 957 1691 988 contra
1711 948 1871 1002 sangui-

274 1028 374 1056 nem
412 1012 615 1061 evndem,
655 1010 932 1062 eiusdemque
970 1009 1144 1063 obliqua
1179 1010 1350 1064 positio,
1389 1023 1475 1064 quo
1493 1011 1634 1053 versus
1658 1010 1870 1054 orificium

274 1075 525 1120 arteriosum
560 1073 724 1127 sanguis
759 1072 1028 1128 propellitur.

404 1204 483 1248 His
530 1202 725 1261 effi‘CJibus
770 1215 842 1258 quo
878 1205 975 1246 miro
1012 1205 1123 1247 modo
1158 1204 1366 1247 ‘ventriculi
1386 1204 1526 1259 figura
1563 1213 1740 1246 mutetur.

732 1267 765 1309 V
768 1269 947 1310 entriculi
991 1278 1145 1310 tortura
1180 1270 1418 1324 diagonalis.

469 1332 589 1376 Dum
625 1345 672 1374 ea
707 1333 871 1374 ratione
908 1335 1087 1387 parietes
1123 1336 1349 1375 ventriculi
1385 1333 1708 1383 contrahuntur,
1743 1346 1873 1387 angu-

275 1397 375 1440 stior
409 1397 482 1438 ille
519 1411 606 1437 non
643 1398 779 1437 modo
816 1397 1073 1449 breuiorque
1110 1399 1208 1437 inde
1244 1399 1466 1448 redditur,
1503 1396 1571 1436 sed
1608 1398 1730 1437 aliam
1767 1409 1875 1450 quo-

280 1476 362 1516 que
406 1461 586 1516 figuram
638 1461 791 1500 induit.
877 1459 1071 1513 Disparet
1105 1460 1308 1513 posterius
1346 1461 1394 1501 ad
1433 1460 1541 1500 bafin
1577 1460 1700 1500 tuber
1732 1462 1872 1513 illud,

281 1540 368 1580 quo
403 1524 630 1566 retrorsum
665 1524 929 1565 ventriculus
966 1525 1206 1577 prominet,
1256 1533 1297 1564 et
1331 1525 1578 1578 prominens
1615 1525 1769 1578 pariter
1803 1538 1874 1564 an-

269 1592 402 1631 terius
454 1588 683 1630 ventriculi
722 1601 829 1642 apex
865 1587 1109 1640 euanescit,
1159 1597 1201 1628 et
1235 1601 1381 1642 margo
1418 1597 1608 1628 arcuatus
1642 1589 1684 1628 in
1719 1588 1872 1628 restam

270 1655 432 1696 lineam
473 1653 573 1694 abit.
644 1651 713 1694 Sic
750 1652 1050 1706 triangularem
1085 1652 1342 1695 rediilineam
1378 1651 1446 1691 seu
1484 1652 1735 1692 conoideam
1769 1663 1872 1690 ven—

271 1718 452 1759 triculus
488 1717 672 1771 figuram
708 1717 810 1758 loco
851 1716 1002 1767 ouans,
1040 1728 1120 1767 qua
1155 1716 1366 1769 praeditus
1403 1725 1505 1765 erat,
1541 1715 1731 1764 acquirit.
1783 1714 1872 1754 De-

273 1783 373 1822 inde
427 1781 530 1822 bafis
588 1780 814 1821 ventriculi
874 1779 1091 1831 obliquam
1144 1780 1398 1834 positionem
1439 1778 1702 1820 nanciscitur.
1771 1777 1870 1818 Pars

274 1847 365 1886 cius
403 1843 585 1884 inferior
620 1844 882 1895 antrorsum,
916 1842 1151 1895 finisterior,
1189 1845 1288 1884 dum
1325 1843 1446 1883 tuber
1481 1842 1673 1896 disparet,
1711 1850 1872 1882 antror-

276 1909 368 1950 sum
404 1917 446 1948 et
478 1907 674 1948 deorsum
712 1908 908 1961 oblique⁷
946 1906 1031 1947 foci
1068 1917 1212 1948 contra
1246 1907 1470 1961 superioris
1506 1907 1625 1960 regio
1645 1906 1870 1946 retrorsum

277 1973 457 2025 oblique
494 1980 537 2011 et
572 1970 734 2012 sursum
770 1972 820 2012 ad
857 1984 1023 2011 crenam
1060 1973 1249 2013 trahitur.
1318 1971 1447 2012 Vnde
1483 1971 1628 2011 voluta
1649 1969 1871 2011 ventriculi

277 2045 396 2091 parte
433 2035 649 2086 anteriori,
691 2045 732 2075 et
769 2035 852 2076 foci
889 2036 1078 2088 regione,
1101 2035 1364 2077 dextrorsum
1387 2036 1437 2076 ad
1459 2048 1641 2086 erenum,
1661 2044 1703 2075 et
1719 2043 1873 2074 retror-

278 2101 371 2140 sum
407 2099 599 2153 oblique,
626 2100 826 2151 marginis
865 2108 1009 2140 contra
1043 2110 1159 2154 parte
1195 2100 1415 2154 posteriori
1450 2098 1718 2139 finisti-orsum
1741 2107 1784 2138 et
1802 2111 1873 2137 ar.-

278 2163 462 2204 trorsum
484 2192 498 2215 .‚
534 2171 647 2203 totus
682 2163 945 2203 ventriculus
983 2164 1119 2217 aliqua
1153 2164 1315 2205 ratione
1353 2171 1590 2217 torquetur.
1659 2162 1777 2202 Tota
1813 2161 1874 2200 ui·

277 2229 433 2268 mirum
491 2227 594 2268 bafis
649 2227 788 2267 cordis
844 2226 885 2265 iu
922 2226 1111 2267 inferiori
1147 2227 1367 2282 superficie
1400 2241 1481 2268 vna
1517 2239 1614 2267 cum
1650 2225 1728 2266 bafi
1765 2225 1872 2264 finus

276 2291 422 2335 finistri
457 2299 501 2333 et
537 2291 736 2348 marginis
772 2298 994 2347 praeterea
1029 2305 1121 2345 pars
1157 2292 1382 2347 postrema,
1421 2303 1501 2345 qua
1530 2290 1712 2331 tuberin
1736 2289 1871 2353 quiete

1735 2360 1873 2391 toruis
