2007 2677
675 172 828 202 =a
861 155 1204 214 (331)====

1647 273 1652 278 ·
1666 271 1684 286 x

689 266 1096 333 Experimentum
1130 281 1199 317 10.

335 373 372 429 ς.
416 386 488 426 14.
555 368 715 424 Exper-
757 379 841 415 svo
887 370 1088 412 lixiuium
1123 367 1238 410 filtro
1275 364 1510 422 separatum
1547 364 1641 407 fuit.
1686 363 1753 408 Vt

141 450 246 481 vero
281 439 537 492 productum
575 433 764 476 Salarico
799 432 965 489 vulgari
1002 433 1177 475 similius
1214 432 1482 483 obtinerem,
1525 430 1652 472 libras
1689 430 1755 471 bi-

140 517 214 545 nas
249 502 334 543 seui
369 500 492 542 ouilli
528 510 627 541 cum
663 498 817 540 lixiuio
870 500 1062 541 cinerum
1102 498 1240 548 coxi,
1293 497 1421 552 quod
1447 490 1558 537 testis
1595 494 1755 536 ostreo-

134 579 234 610 -tum
269 564 486 607 calcinatis
524 563 751 606 causticum
787 561 1082 611 reddideram;
1135 562 1289 603 deinde
1327 574 1425 603 cum
1462 561 1590 615 adeps
1627 558 1755 602 indo'-

134 631 224 672 lem
276 627 443 684 saponis
495 630 673 670 induere
726 629 896 682 coepit,
951 627 1093 670 addidi
1130 637 1212 668 tres
1250 626 1376 668 libras
1413 626 1504 667 salis
1542 618 1754 667 muriatici

134 694 322 749 impuri,
361 694 477 748 quod
514 693 708 734 saliendis
746 691 995 733 Husonibus
1032 691 1303 742 insenuerat,
1362 691 1485 745 quale
1523 690 1754 744 saponariis

136 759 315 812 nostris,
367 767 545 816 propter
578 756 664 799 vile
700 756 888 814 pretium
924 766 967 799 et
1001 755 1405 815 pingu'inositatem,
1458 755 1502 795 in
1554 754 1627 796 vsu
1672 746 1752 798 eise

137 823 259 866 solet.

332 915 580 968 Lixiuium,
603 916 671 957 cui
709 915 808 970 sapo
828 914 1070 967 innatabat,
1107 914 1247 956 lutum
1268 910 1466 968 deposuit
1502 909 1754 953 fuscescens.

137 980 391 1035 Agitatione
427 982 566 1022 lutum
603 980 750 1021 miscui
787 993 885 1021 cum
922 979 1075 1021 lixiuio
1112 989 1358 1032 totumque,
1386 987 1432 1018 vt
1467 986 1580 1029 erat,
1616 977 1758 1031 impu-

139 1058 233 1086 rum
272 1044 493 1086 succeffiue
530 1044 668 1086 infudi
692 1045 803 1086 ollae
831 1044 1060 1098 figulinae,
1097 1056 1223 1099 quam
1262 1042 1424 1084 fornaci
1462 1041 1625 1096 vulgari
1662 1054 1756 1082 rus-

137 1110 222 1149 fico
261 1109 468 1149 commisi.
541 1108 726 1164 Quoties
762 1109 1043 1150 exsiccaretur
1077 1121 1172 1163 pars
1226 1106 1358 1148 infusa
1411 1106 1576 1157 lixiuii,
1624 1105 1756 1146 affudi

141 1186 299 1213 nouam
354 1174 548 1214 ciusdem
602 1174 877 1228 portionem,
914 1174 1053 1215 donec
1089 1185 1219 1214 omne
1256 1172 1307 1213 ad
1342 1172 1572 1213 siccitatem
1607 1171 1756 1211 redac-

139 1246 231 1277 tum
266 1237 380 1278 esset.
450 1238 592 1280 Fracta
628 1249 728 1280 tunc
764 1239 849 1280 olla
887 1238 1057 1280 obtinui
1109 1239 1348 1293 placentam
1401 1236 1573 1279 salinam
1625 1235 1756 1276 strati-

137 1301 306 1343 ficatam
342 1311 385 1342 et
420 1302 569 1343 colore
605 1317 651 1344 ac
688 1303 882 1358 adspectu
927 1302 1115 1348 Salat-ico
1169 1301 1417 1344 Moscuenfi
1467 1298 1756 1360 fimillimam,

139 1367 280 1408 minus
317 1365 501 1408 nauseosi
537 1376 678 1409 tamen
715 1369 878 1411 odoris.
1616 1362 1619 1365 ’

333 1497 473 1538 Huius
510 1498 656 1539 mass‘ae
693 1497 848 1540 solutio
886 1496 1076 1551 fusione,
1112 1508 1159 1539 vt
1193 1507 1237 1539 et
1271 1510 1370 1539 cum
1407 1490 1675 1551 reagentibus
1713 1503 1757 1537 et

139 1564 182 1602 in
221 1563 610 1617 uliquispmnino
646 1563 683 1604 se
722 1564 896 1616 habuit,
933 1574 980 1605 π
1015 1563 1234 1605 stilaricum
1270 1564 1466 1615 vulgare:
1514 1562 1654 1602 minus
1695 1572 1756 1602 ta·

141 1640 239 1667 men
277 1627 452 1668 alcaliiia
490 1627 593 1679 fuit,
628 1628 728 1669 licet
763 1628 848 1670 hoc
886 1629 993 1670 nihil
1031 1629 1081 1669 de
1117 1628 1297 1669 x‘tilitate
1334 1628 1424 1666 eius
1463 1625 1618 1667 demat.
1689 1624 1754 1665 A·

140 1686 311 1745 'deoque
366 1691 542 1732 xidebar
594 1693 700 1733 milii
735 1693 828 1735 satis
873 1693 980 1735 bene
1017 1694 1192 1734 edoctus
1230 1692 1309 1732 esse
1348 1690 1527 1731 modum
1582 1689 1754 1732 facilem

142 1767 183 1793 et
222 1757 394 1796 minime
433 1756 732 1810 dii‘pcnfiosum
786 1759 957 1812 parandi
995 1758 1254 1808 Salaricum,
1290 1756 1359 1797 vel
1396 1756 1651 1796 simillimam
1688 1752 1752 1794 illi

141 1822 359 1860 materiam
398 1823 477 1871 ita,
513 1832 558 1862 vt
595 1823 619 1861 ii
657 1823 906 1876 cuaporatio
942 1825 984 1864 in
1021 1823 1204 1864 officinis
1252 1821 1479 1874 saponariis
1517 1821 1614 1874 igne
1652 1820 1754 1860 alie·

145 1897 298 1924 noi-uni
339 1885 424 1926 lieri
462 1887 622 1939 postet,
661 1886 746 1927 scre
785 1887 944 1942 absque
980 1888 1170 1943 expensis
1203 1900 1256 1928 cx
1292 1886 1430 1928 inutili
1463 1886 1617 1929 lixiuio
1653 1898 1754 1939 pro-

146 1949 254 1989 deat.
326 1949 498 1990 Scilicet
534 1952 732 1992 lixiuium
770 1966 848 2006 pro
886 1952 1038 2008 sapone
1074 1952 1313 1995 adhibitum
1365 1951 1517 1992 maiori
1572 1962 1754 2003 propor-

146 2013 260 2053 tione
299 2011 390 2054 salis
446 2017 653 2058 muriatici
708 2018 890 2057 mixtum
930 2015 1032 2066 fuit;
1086 2018 1192 2059 nihil
1236 2016 1489 2071 requiritur,
1543 2026 1668 2067 quam
1706 2020 1753 2052 vt

147 2086 285 2117 totum
339 2083 639 2133 cuaporatione
687 2081 876 2123 siccetur.
949 2082 990 2124 Si
1047 2081 1139 2124 fzi'lis
1177 2082 1305 2124 additi
1346 2080 1552 2135 quantitas
1608 2078 1751 2118 minor

146 2143 382 2192 acceiferit,
420 2146 610 2188 addenda
645 2147 725 2188 erit
761 2148 898 2189 maior
933 2147 1111 2203 piscium
1148 2149 1216 2189 vel
1254 2147 1386 2189 carnis
1423 2144 1474 2185 ad
1509 2142 1750 2198 requisitam

142 2219 486 2261 proportionem.

928 2344 1008 2387 Tt
1047 2357 1070 2382 2
1567 2336 1617 2379 C.
1656 2336 1748 2379 Ex-
