2007 2677
678 157 827 182 ·—-=
862 137 1018 193 (247)
1052 154 1206 181 ===

131 270 223 301 rem
267 256 469 311 marginis
502 252 670 305 versus,-
701 251 955 293 ducentibus
977 281 992 305 ,
1045 250 1272 306 motuique
1310 261 1416 304 ergo
1450 249 1632 290 omnino
1668 261 1738 290 ce·

133 322 334 365 dentibus
382 322 636 361 rudiatarum
680 316 962 370 superiorum.
1031 317 1100 359 Sic
1144 316 1368 371 proximae
1413 314 1555 368 apici,
1608 322 1741 355 trans-

133 387 286 428 verfim
323 400 344 427 a
379 398 503 426 crena
539 383 589 423 ad
626 380 772 421 focum
812 382 1087 433 transevntes,
1128 383 1238 422 tedia
1275 382 1326 422 ad
1365 392 1535 421 erenum
1574 377 1742 430 focum,

135 463 243 505 quae
281 451 378 490 inde
414 441 629 488 retrorsim
667 445 925 500 sequuntur,
962 446 1139 500 oblique
1177 446 1394 499 paulisper
1429 445 1615 485 evnclem
1650 456 1741 484 crc—

136 529 231 556 nam
267 524 311 554 et
346 512 455 552 basin
493 510 669 561 versus,
706 512 892 552 maxima
926 521 1021 565 pars
1057 511 1228 552 tandem
1266 511 1473 564 posterior
1508 509 1743 560 fibrarum,

135 593 155 620 a
190 578 330 632 pontis
384 576 561 630 regione
617 575 794 617 dedufta
839 576 1019 630 oblique
1066 575 1176 616 basin
1213 576 1371 629 pariter
1406 583 1530 628 atque
1571 585 1744 614 crenam

134 641 272 682 versus
311 639 454 681 focum
492 641 685 688 trabunt5
725 650 771 680 vt
805 641 1005 682 omnibus
1043 640 1108 680 his
1143 638 1265 679 simul
1301 638 1527 692 agentibus
1563 639 1742 693 oblique

134 705 256 747 focus
293 706 522 746 retrorsum
560 706 610 745 ad
646 718 816 746 crenam
849 707 893 746 in
929 703 1080 757 systole
1117 703 1259 744 cordis
1305 703 1498 743 ducatur.

208 833 391 889 Recetfio
427 835 464 875 ‘et
497 835 693 876 ordinatio
729 833 930 889 effec‘luum
966 836 1134 875 omnium
1161 831 1364 884 fibrarum
1398 841 1670 874 externarum.

330 899 375 939 ln
410 898 653 939 vniuersum
698 912 803 952 ergo
848 898 1071 953 sequentes
1111 899 1275 938 :ustione
1311 898 1514 939 fibrarum
1551 904 1750 937 externa-

132 977 228 1006 rum
281 964 508 1004 ventriculi
559 963 701 1003 finistri
747 962 920 1011 effeetus
968 962 1009 1002 in
1047 974 1148 1002 eum
1183 962 1457 1002 exseruntur:
1519 960 1590 1014 1.)
1628 958 1750 1001 Con-

135 1030 284 1070 trae‘tio
319 1029 410 1068 eius
448 1041 581 1082 acque
620 1028 942 1081 longitudinalis
983 1036 1108 1081 atque
1147 1025 1394 1077 transuersa,
1435 1038 1540 1079 quae
1571 1025 1751 1078 quidem

135 1092 283 1134 ambae
333 1105 586 1133 communes
631 1094 814 1133 actiones
861 1091 951 1132 sunt
987 1093 1183 1132 omnium
1219 1091 1419 1132 fibrarum
1458 1100 1747 1131 externarum.

135 1156 373 1197 Plurimum
433 1167 571 1198 tamen
627 1157 676 1198 ad
730 1157 1087 1211 longitudinalem
1141 1153 1478 1198 contraditionem
1521 1154 1650 1196 fibrae
1689 1152 1749 1194 sa-

138 1222 256 1262 ciunt
291 1223 453 1262 ordinis
491 1222 661 1263 secundi
701 1222 769 1263 seu
810 1222 951 1274 funes,
990 1222 1060 1276 qui
1101 1231 1145 1262 et
1183 1230 1386 1275 quantum
1427 1220 1550 1261 tuber
1586 1220 1637 1260 ad
1677 1218 1747 1259 ba-

137 1286 213 1335 sin,
248 1287 565 1339 ventriculique
600 1301 710 1341 apex
746 1289 948 1339 anterius,
985 1287 1222 1341 prominet,
1259 1296 1304 1327 et
1338 1295 1546 1341 quantum
1583 1284 1749 1338 septum

137 1364 270 1404 porro
306 1351 420 1392 fibris
458 1350 538 1391 suis·
577 1352 859 1402 contrahitur,
898 1361 1190 1406 quantumque
1229 1352 1279 1392 ad
1321 1351 1429 1392 bafin
1466 1348 1587 1390 filum
1626 1348 1752 1389 carti-

137 1417 352 1469 lagineum
391 1416 611 1471 posterius,
648 1426 690 1457 et
726 1416 993 1457 interstitium
1028 1416 1140 1457 inter
1174 1416 1272 1457 bina
1306 1415 1376 1456 fila
1398 1415 1550 1456 sinistra
1571 1413 1749 1465 cedunt,

137 1481 426 1526 ventriculum
479 1481 746 1534 longitudine
800 1481 1077 1534 imminuunt.
1167 1481 1240 1534 2.)
1277 1481 1399 1522 Tum
1436 1479 1554 1520 fibris
1591 1479 1749 1519 iisdem

139 1546 326 1586 maxime
374 1558 522 1599 margo
565 1545 789 1586 ventriculi
833 1547 873 1587 in
911 1546 1068 1586 restam
1108 1545 1263 1586 lineam
1303 1545 1571 1586 contrahitur
1605 1553 1656 1583 etv
1684 1553 1751 1583 tu-

142 1609 216 1650 ber
252 1610 303 1650 ad
341 1610 468 1661 basin,
512 1621 598 1662 quo
635 1622 782 1664 margo
819 1609 1050 1653 retrorsum
1074 1611 1310 1664 prominet,
1347 1609 1559 1650 euanescit
1577 1618 1622 1648 et
1639 1620 1750 1660 apex

141 1675 406 1726 ventriculi,
453 1688 540 1728 quo
575 1687 708 1727 vsque
744 1689 841 1728 prae
879 1689 1029 1717 crenae
1068 1685 1112 1715 et
1147 1675 1265 1715 striae
1304 1674 1524 1728 prominet
1558 1671 1751 1723 finibus,

143 1738 338 1791 disparet.
410 1740 483 1792 3.)
521 1738 690 1779 Deinde
729 1738 828 1781 basis
864 1741 1090 1782 ventriculi
1127 1741 1168 1780 in
1205 1738 1399 1780 inferiori
1438 1737 1661 1792 superficie
1698 1737 1751 1778 ad

143 1801 275 1842 finem
321 1803 380 1844 fili
428 1804 689 1856 cartilaginei
735 1806 955 1847 anterioris
999 1819 1135 1860 vsque
1184 1805 1349 1859 apicem
1386 1804 1528 1845 versus
1569 1802 1750 1843 trahitur

145 1865 260 1906 fibris
297 1869 456 1908 ordinis
504 1869 662 1922 primi,
719 1868 897 1910 immota
932 1871 1081 1911 eadem
1118 1871 1159 1911 in
1197 1869 1746 1924 superiorivpermanente3

146 1944 232 1984 qno
270 1941 311 1971 ct
347 1932 521 1973 breuior
556 1933 758 1986 superiori
798 1934 976 1975 inferior
1012 1935 1253 1990 superficies
1291 1935 1509 1986 redditur,
1564 1943 1608 1974 et
1645 1931 1748 1972 basis

145 1996 370 2037 xentriculi
425 1997 645 2050 obliquam
701 1999 750 2039 ad
799 2001 894 2040 axin
936 2000 1075 2041 cordis
1114 2001 1373 2055 positionem
1409 1999 1602 2053 acquirit.
1672 1998 1748 2048 4.)

144 2060 346 2113 Denique
393 2059 514 2102 socus
560 2061 748 2116 superior
793 2074 836 2105 et
869 2066 1067 2119 proxima
1105 2067 1142 2106 ei
1179 2067 1375 2120 vtrinque
1414 2078 1507 2119 pars
1546 2060 1747 2113 marginis

144 2125 389 2176 ventriculi,
424 2126 464 2165 in
505 2140 591 2180 quo
630 2128 698 2169 ille
739 2128 833 2170 situs
873 2131 960 2181 est,
1003 2131 1180 2185 oblique
1218 2144 1388 2172 crenam
1424 2139 1466 2169 et
1503 2125 1611 2165 basin
1650 2137 1747 2164 ver-

144 2189 208 2229 sus
265 2191 374 2230 circa
430 2193 654 2232 xentriculi
695 2195 788 2234 axin
826 2196 1039 2244 voluitur,·
1097 2210 1185 2251 quo
1226 2195 1346 2236 focus
1377 2191 1570 2247 sqperior
1611 2201 1746 2243 prope

143 2267 312 2295 trenam
351 2269 390 2295 in
429 2256 690 2310 superiorem
729 2262 1030 2316 transponitur,
1072 2271 1115 2302 et
1152 2273 1302 2314 margo
1342 2266 1490 2298 contra
1524 2254 1642 2296 fibris
1684 2268 1745 2294 ra-

1663 2319 1749 2360 dia-
