2007 2677
807 199 958 215 -—-
992 182 1145 237 (270)
1178 199 1331 212 -..

341 317 416 364 69,
451 298 682 348 Funiculus
717 309 773 339 ex
807 296 1031 338 interstitio
1065 309 1307 351 emergens.

289 391 291 393 '
337 402 412 444 70.
447 380 626 424 Tertius
663 388 839 430 magnus
885 374 996 415 funis
1049 374 1330 428 ramificatus‚
1382 377 1608 431 angustiori
1658 389 1774 434 parte
1811 394 1868 423 ex

462 446 539 488 filo
577 442 851 495 cartilagineo
888 450 1033 491 ortus,
1083 440 1235 480 deinde
1271 440 1315 480 in
1360 441 1467 482 duos
1512 456 1689 498 magnos
1725 459 1867 486 ramos

465 513 735 562 diuergentes
773 504 945 545 diuisus.
970 502 973 505 ’

338 606 414 649 71.
449 588 574 630 Alter
611 585 768 625 horum
802 592 1046 631 ramorum⁷
1084 580 1155 633 qui
1192 579 1303 620 haud
1338 580 1514 622 obscure
1550 595 1680 637 porro
1717 584 1758 624 in
1795 583 1873 624 du-

467 665 516 693 os
553 650 625 690 fibi
662 645 885 702 parallelos
921 658 1061 686 ramos
1099 643 1191 685 satis
1228 644 1378 684 crassos
1415 645 1568 686 diuisus
1605 647 1674 687 est.

337 748 413 790 72.
459 729 584 772 Alter
619 725 732 766 illius
770 722 880 763 funis
916 734 1082 772 ramus,
1134 721 1289 774 pariter
1326 721 1501 773 crassus,
1555 723 1626 775 qui
1662 723 1700 762 se
1737 724 1784 764 ad
1822 722 1871 762 fi-

466 795 561 834 bras
596 790 695 843 (82.
738 797 807 835 83·
850 786 946 838 84.)
1001 784 1183 837 applicat
1218 797 1314 824 cum
1350 785 1489 837 iisque
1541 786 1667 826 latam
1704 786 1871 827 fasciam

468 855 623 904 efficit,
660 852 710 893 ad
746 849 981 902 marginem
1007 861 1148 901 ·vsq11e
1185 849 1476 889 continuatam
1512 848 1610 901 (85.
1653 852 1747 903 86.)

342 952 416 995 73.
469 933 649 974 Tertius
694 928 783 968 eius
829 925 939 965 funis
974 937 1115 966 ramus
1153 924 1224 975 qui
1276 923 1385 963 inter
1435 926 1600 978 priores
1654 939 1872 980 emergere

466 998 660 1043 videtur,
695 991 852 1043 quique
888 988 973 1041 ipse
1010 986 1240 1028 bifurcatus
1277 988 1541 1031 tenuioribus
1577 990 1720 1045 longis
1755 990 1873 1031 fibris

466 1061 509 1101 in
545 1055 811 1111 superficiem
847 1050 1094 1092 inferiorem
1131 1050 1284 1092 transit.

342 1155 417 1197 74.
470 1133 744 1178 Interstitium
794 1131 904 1174 inter
959 1142 1032 1170 eos
1076 1141 1243 1182 ramos„
1294 1127 1459 1170 fibrillis
1512 1129 1772 1171 nectentibus
1807 1143 1874 1172 re·

468 1202 649 1259 pletum.

342 1295 417 1338 75.
467 1277 593 1321 Fibra
628 1276 669 1315 in
706 1273 790 1314 hoc
826 1270 1048 1311 interstitio
1084 1269 1155 1309 sub
1191 1268 1357 1310 fibrinis
1412 1268 1600 1324 obliquis
1652 1282 1875 1326 emergens

471 1344 522 1385 ad
558 1339 795 1392 marginem
832 1336 972 1376 cordis
1009 1334 1267 1375 continuata.

342 1428 416 1477 76.
454 1420 603 1463 Altera
639 1414 850 1456 eiusmodi
886 1412 991 1452 fibra
1026 1423 1263 1462 emergens.

292 1550 303 1554 x
343 1518 417 1557 77.
453 1495 587 1539 Aliud
623 1501 824 1544 magnum
860 1488 969 1528 inter
1004 1499 1143 1527 ramos
1181 1484 1286 1537 (72.
1326 1485 1422 1538 73.)
1469 1486 1760 1539 interstitium,
1811 1488 1875 1527 in-

468 1558 652 1614 signibus
704 1552 868 1594 fibrinis
921 1560 1202 1604 occupatum,
1257 1562 1360 1602 quae
1412 1550 1631 1591 manifesto
1667 1565 1721 1591 ex
1756 1564 1872 1591 mmo

471 1623 592 1677 (72.)
629 1619 956 1668 continuantur,
992 1614 1177 1668 superius
1214 1613 1254 1653 in
1290 1626 1454 1654 ramum
1490 1615 1619 1668 (73.)
1665 1615 1871 1656 transeunt

470 1687 645 1730 inferius
684 1681 794 1737 quasi
831 1693 969 1721 nouos
1005 1691 1145 1718 ramos
1182 1678 1383 1718 efficiunt.

409 1799 418 1808 .
452 1765 576 1807 Duae
611 1762 739 1802 fibrae
774 1759 817 1798 in
854 1769 954 1810 quas
991 1755 1167 1795 fibrillae
1205 1756 1467 1795 continuant.

345 1862 419 1899 79.
455 1839 671 1882 Profunda
706 1835 806 1876 foffa
840 1846 918 1887 pro
954 1845 1072 1872 ramo
1108 1832 1335 1882 arterioio,
1389 1831 1429 1870 in
1467 1829 1583 1870 cuius
1621 1838 1737 1883 parte
1772 1840 1872 1882 pro-

474 1903 602 1945 funda
638 1901 792 1956 pariter
835 1897 1013 1937 fibrillae
1049 1896 1273 1950 obliquae,
1325 1895 1485 1936 vicinas
1522 1894 1647 1934 fibras
1685 1905 1870 1934 connec-

428 2014 431 2015 ⁷
473 1977 636 2017 tentes,
671 1971 885 2019 apparent.

299 2048 303 2050 ’
351 2059 422 2096 so.
462 2045 613 2088 Solum
649 2039 894 2094 exemplum
930 2037 1029 2090 (nifi
1065 2051 1187 2080 error
1221 2036 1381 2089 subest)
1418 2035 1649 2088 interstitii,
1700 2035 1744 2076 in
1781 2046 1867 2088 quo

474 2108 653 2150 fibrillae
689 2119 711 2146 a
744 2103 907 2145 finistris
942 2101 1082 2142 versus
1120 2104 1267 2144 dextra
1304 2100 1574 2141 descendunt.

299 2242 303 2246 .
352 2200 426 2236 ει.
463 2186 652 2241 Quartus
687 2194 862 2236 magnus
901 2177 1036 2230 funis7
1090 2180 1296 2220 continuo
1331 2179 1372 2218 in
1410 2178 1517 2218 duos
1554 2175 1770 2217 funiculos
1808 2168 1870 2216 di-

473 2250 611 2304 visus,
650 2247 722 2302 qui
757 2246 795 2287 se
831 2243 903 2285 sub
939 2243 1038 2284 illos
1074 2244 1172 2299 (82.
1213 2246 1307 2299 83.)
1344 2242 1596 2283 subducunt.

1797 2342 1865 2379 32.
