2007 2677
657 171 811 200 =
844 155 999 212 (269)

306 276 379 322 lati
417 273 644 328 eramque,
677 271 719 311 in
757 283 897 311 ramos
935 271 1080 321 diuifi,
1115 271 1284 314 fibrillis
1322 271 1563 327 εοηίιιηέὶί,
1599 273 1724 332 super

308 340 528 383 dimidiam
565 336 651 378 sere
688 333 967 389 posteriorem
1004 335 1302 379 sinisteriorem
1340 351 1421 392 que
1456 349 1621 393 partem
1657 341 1724 391 su-

307 404 495 462 perficiei
546 400 774 455 superioris
827 401 1055 441 ventriculi
1109 402 1288 458 oblique
1333 400 1633 445 descendendo
1669 405 1719 446 ad

308 468 539 521 marginem
589 477 752 519 Vsque,
809 474 897 505 tum
935 478 1065 519 porro
1102 465 1223 520 super
1260 468 1499 521 marginem
1535 469 1578 508 in
1615 467 1724 509 infe·

305 534 464 573 riorem
501 529 712 570 transeunt
747 527 1042 583 superficiem,
1080 532 1199 571 cuius
1223 532 1333 586 quasi
1368 532 1592 574 dimidiam
1630 546 1725 587 par-

262 604 268 609 “
303 605 389 637 tem
425 595 684 636 anteriorem
720 593 1102 649 sinisterioremque
1132 606 1372 651 occupant,
1407 597 1451 638 in
1488 597 1723 640 maximam

302 671 466 716 partem
501 659 785 714 posteriorem
820 659 937 700 striae
974 658 1137 699 inserti.

175 755 247 795 59.
299 739 440 781 Prima
476 738 737 791 minimaque
774 735 977 778 fibrarum
1013 737 1139 777 huius
1177 735 1368 789 ordinis,
1405 739 1455 780 ab
1493 739 1721 783 interstitio

299 805 411 846 iuter
448 803 545 844 bina
579 801 650 844 fila
684 800 839 843 finistra
875 811 998 854 orta,
1036 800 1244 843 continuo
1279 801 1323 842 in
1358 801 1610 846 inferiorem
1645 807 1722 846 de-

301 869 503 910 scendens
542 864 828 922 superficiem.

174 952 248 991 60.
287 947 411 989 Fibra
446 944 651 996 secunda,
687 944 844 998 pariter
880 942 1059 998 oblique
1093 943 1369 986 sinistrorsum
1405 946 1611 988 arcuatim
1649 947 1723 987 de-

302 1010 532 1062 scendens,
569 1008 779 1064 superque
812 1007 1051 1062 marginem
1086 1008 1128 1048 in
1166 1007 1433 1064 superficiem
1467 1010 1721 1053 inferiorem

305 1075 522 1117 transiens.

173 1158 250 1195 61.
273 1153 425 1196 Tertia
446 1150 568 1204 fibra,
589 1149 709 1192 cuius
730 1145 867 1193 maior
885 1164 980 1207 pars
1000 1145 1041 1192 in
1061 1150 1267 1206 superiori
1290 1149 1512 1207 superficie
1530 1161 1719 1207 apparet.

174 1236 249 1274 62.
290 1230 450 1287 Quarta
487 1228 592 1271 fibra
627 1229 707 1270 lata
743 1229 894 1282 crassa,
930 1242 1072 1284 eoque
1110 1229 1302 1284 longior,
1331 1242 1419 1285 quo
1457 1231 1643 1272 anterior
1678 1239 1722 1272 et

300 1296 480 1350 propior
514 1294 727 1349 principio
762 1294 823 1335 fili
860 1294 1122 1349 cartilaginei
1160 1295 1313 1336 oritur.

173 1375 248 1424 63.
286 1371 556 1414 Interstitium
593 1369 760 1411 fibrillis
798 1371 989 1425 obliquis
1042 1383 1332 1426 occupatum,
1385 1371 1541 1426 quibus
1595 1369 1719 1413 funes

298 1438 480 1478 maiores
517 1435 842 1476 connectuntur.

174 1518 247 1569 64.
282 1515 411 1557 Funis
448 1513 675 1566 angustiori
727 1513 969 1568 compresso
1013 1513 1229 1571 principio
1266 1528 1422 1557 carneo
1459 1529 1481 1557 a
1515 1515 1594 1558 filo
1631 1529 1720 1558 car-

301 1579 504 1633 tilagiueo
542 1588 686 1630 ortus,
722 1579 899 1632 oblique
935 1579 1036 1621 inde
1072 1580 1124 1621 ad
1160 1581 1400 1635 marginem
1437 1580 1719 1632 descendens,

297 1644 369 1684 vbi
406 1642 614 1684 resolutus
650 1642 692 1683 in
726 1643 852 1686 fibras
875 1643 927 1684 ad
962 1643 1216 1687 inferiorem
1252 1644 1521 1700 superficiem
1558 1645 1714 1685 transit.

171 1721 247 1771 65.
300 1720 594 1772 Intcrstitium‚
632 1719 794 1762 fibrillis
829 1722 1064 1778 repletum,
1100 1721 1222 1764 funes
1260 1721 1354 1776 (64
1387 1732 1432 1765 et
1468 1723 1575 1778 67.)
1612 1735 1718 1764 con-

302 1785 585 1827 nec‘tentibus.

174 1864 249 1903 66.
287 1862 411 1905 Fibra
449 1864 619 1904 tenuior
654 1875 709 1904 ex
744 1862 965 1909 interstitio
1002 1865 1125 1921 (65⁶.)
1160 1879 1413 1922 emergens,
1449 1865 1572 1923 super
1607 1879 1718 1908 mar·

302 1927 448 1982 gincm
484 1929 525 1969 in
565 1926 813 1969 inferiorem
850 1930 1115 1986 superficiem
1152 1934 1411 1974 continuata.

175 2003 249 2053 67.
300 2002 428 2043 Alter
465 2002 576 2043 funis
614 2015 819 2058 magnus,
872 2007 945 2060 qui
979 2008 1023 2050 in
1056 2009 1198 2064 plures
1234 2021 1376 2052 ramos
1413 2008 1456 2049 in
1493 2007 1712 2063 superficie

302 2064 498 2108 inferiori
536 2067 753 2110 diuiditur.

171 2144 246 2188 68.
283 2142 497 2197 Magnum
533 2155 577 2186 et
609 2145 742 2188 latum
777 2148 1046 2191 interstitium
1081 2151 1192 2194 inter
1226 2150 1353 2194 fibras
1404 2149 1486 2200 (67
1523 2156 1567 2189 ct
1603 2145 1714 2201 7¹),

298 2206 485 2259 fibrinis,
521 2209 570 2250 ab
607 2210 740 2253 altero
777 2211 879 2254 sune
916 2216 967 2256 ad
1004 2214 1185 2258 alterum
1222 2212 1580 2266 transseuutibus,
1614 2224 1715 2254 eos·

301 2285 384 2328 que
423 2272 545 2317 funes
581 2278 960 2332 connestentibus,
994 2282 1221 2337 repletum.

907 2345 976 2390 ιι
1012 2358 1038 2398 3
1533 2343 1609 2395 69.
1630 2340 1713 2383 Fu-
