2007 2677
786 199 940 225 ===
973 182 1130 236 (234.)
1164 197 1315 212 -···

257 309 484 352 Vtramque
515 295 859 347 extremitatem,
894 295 1067 336 mobilis
1104 296 1146 336 in
1180 305 1298 351 parte
1334 295 1476 338 media
1506 295 1733 351 fibrarum,
1771 310 1854 354 qua

259 378 368 407 circa
403 361 638 413 marginem
687 359 823 400 flexae
874 360 1019 401 versus
1054 361 1232 402 eandem
1277 362 1526 415 regionem,
1577 365 1689 404 vnde
1723 376 1854 405 vene-

255 437 372 477 rant,
406 424 717 478 regrediuntur.
790 422 904 465 Cum
939 426 1047 465 adeo
1081 425 1165 466 iam
1209 425 1337 466 fibrae
1391 436 1593 467 externae>
1625 425 1853 468 ventriculi

253 490 422 540 sinistri,
458 501 688 541 earumque
726 488 875 529 diuerfi
911 489 1110 541 ordines,
1144 490 1187 529 in
1225 503 1325 543 quas
1361 489 1488 530 fibras
1515 491 1707 543 distinxi,
1744 503 1854 544 quo-

253 556 303 598 ad
341 564 485 595 ortum
536 566 621 593 non
665 553 799 593 modo
835 562 879 593 et
911 553 1041 593 finem
1077 553 1146 594 sed
1184 554 1325 607 quoad
1375 554 1691 607 longitudinem
1726 565 1770 596 et
1803 554 1854 595 fi-

252 630 346 660 tum
382 618 584 659 fibrarum
618 617 825 671 ipsarum,
868 627 960 658 tum
995 618 1122 658 etiam
1158 617 1297 671 quoad
1336 618 1677 670 extremitatum,
1731 630 1851 659 ortus

253 694 296 726 et
330 684 452 735 finis,
503 682 626 722 fitum
661 692 706 723 et
736 682 971 736 respedtum
1006 695 1105 736 erga
1140 681 1179 722 se
1213 681 1402 722 inuicem
1439 681 1655 730 differant3
1701 683 1852 737 singuli

255 749 426 789 ordines
480 745 647 786 seorfim
698 746 1014 797 considerandi,
1068 747 1120 787 de
1170 745 1431 799 singulisque
1482 744 1600 786 sedes
1654 745 1762 787 fixae
1809 756 1852 787 et

254 812 469 863 mobiles,
503 809 774 862 afflonesque
810 810 1034 850 eruendae.

327 951 442 1005 Αὖῖὶο
465 948 666 1003 fibrarum
701 951 849 991 ordinis
878 951 1016 1003 primi.
1085 947 1211 990 Sedes
1241 950 1336 1001 fixa
1371 951 1410 991 in
1445 952 1493 992 iis
1528 961 1565 992 et
1600 950 1770 992 mobilis.

447 1054 595 1095 Fibrae
631 1053 790 1094 ordinis
842 1053 999 1107 primi,
1045 1067 1067 1094 a
1101 1052 1177 1094 filo
1222 1054 1496 1108 cartilagineo
1550 1055 1769 1108 posteriori
1806 1054 1856 1094 fi-

257 1118 381 1161 nisti-o
403 1127 537 1169 ortae,
565 1118 741 1159 insertae
772 1118 813 1157 in
845 1118 1007 1169 striam,
1043 1118 1161 1158 cuius
1192 1119 1422 1158 maximam
1457 1128 1620 1171 partem
1650 1119 1856 1172 posterio-

255 1196 344 1230 rem
382 1182 449 1224 sua
484 1182 711 1223 insertione
747 1192 984 1236 occupant,
1037 1181 1213 1235 oblique
1250 1181 1374 1236 super
1411 1181 1562 1223 faciem
1606 1182 1713 1223 hanc
1748 1181 1857 1221 infe-

255 1248 416 1293 uiorem
450 1248 618 1301 planam
655 1247 705 1288 ad
741 1246 854 1287 suam
907 1246 1144 1286 insertionis
1197 1246 1338 1286 sedem
1391 1247 1644 1296 decurrunt,
1703 1246 1856 1298 margi·

257 1324 356 1371 nem
390 1311 616 1351 ventriculi
653 1324 738 1351 non
775 1320 978 1365 tangunt,
1031 1324 1108 1351 nec
1144 1311 1228 1351 vlla
1275 1311 1438 1351 ratione
1474 1325 1496 1351 a
1530 1311 1728 1365 proxima
1763 1310 1855 1360 via,

256 1372 326 1416 vel
361 1376 516 1428 plano,
551 1374 600 1415 ab
630 1384 726 1415 ortu
763 1376 813 1415 ad
849 1375 979 1414 finem
1015 1375 1223 1425 ducente,
1257 1375 1477 1414 recedunt.
1550 1374 1651 1415 Non
1689 1374 1858 1426 possunt

257 1452 361 1493 ergo
397 1438 603 1478 mobilem
640 1437 781 1478 sedem
816 1439 858 1478 in
895 1446 1012 1491 parte
1048 1438 1187 1477 media
1241 1437 1423 1488 habere,
1475 1451 1558 1490 qua
1592 1438 1769 1491 propius
1807 1437 1856 1478 ad

259 1504 413 1557 lineam
446 1503 627 1555 restam,
664 1502 714 1543 ab
750 1512 846 1542 ortu
882 1502 934 1542 ad
968 1500 1103 1540 finem
1134 1500 1328 1552 (lucram,
1373 1502 1650 1554 accederent,
1703 1502 1857 1542 canita-

257 1577 432 1621 temque
469 1576 714 1607 contentam
749 1566 1038 1620 angustarent,
1092 1578 1191 1606 cum
1225 1564 1334 1618 ipsae
1369 1565 1453 1606 iam
1487 1565 1530 1604 in
1566 1565 1642 1606 fitu
1678 1562 1853 1608 naturali

257 1632 364 1674 hanc
416 1631 573 1672 lineam
622 1631 890 1671 emetiamur.
970 1630 1145 1670 Neceffe
1182 1629 1238 1669 est
1271 1642 1402 1683 ergo,
1451 1639 1499 1669 vt
1532 1628 1674 1669 sedem
1723 1627 1852 1668 fixam

257 1697 299 1737 in
335 1696 536 1737 alterutra
570 1696 868 1743 extremitate„
903 1693 1114 1734 mobilem
1148 1694 1189 1733 in
1226 1693 1378 1746 altera,
1415 1693 1610 1734 habeant.
1680 1691 1767 1731 Iam
1804 1690 1855 1730 fi-

256 1760 317 1801 eri
355 1772 440 1799 non
475 1760 590 1813 poffe
624 1760 793 1800 *videtur
827 1759 912 1799 vlla
945 1757 1135 1809 ratione,
1169 1766 1215 1797 vt
1248 1757 1367 1809 stria,
1410 1756 1610 1809 marginis
1649 1754 1752 1808 septi
1787 1754 1854 1794 in-

258 1821 621 1876 ferior-is4sedes,
672 1823 903 1864 retrorsum
954 1821 1130 1874 oblique
1167 1831 1209 1862 et
1242 1820 1513 1861 sinistrorsum
1565 1819 1751 1865 trahatur
1801 1818 1863 1858 ad‘

255 1886 377 1928 filum
413 1887 731 1939 cartilagineum
766 1887 984 1941 posterius.
1037 1886 1183 1927 Fibrae
1221 1899 1305 1926 non
1342 1885 1476 1924 modo
1512 1894 1713 1925 externae
1748 1895 1854 1922 ven-

256 1950 399 1992 triculi
437 1951 611 2001 dextri,
636 1965 656 1991 a
692 1952 781 1992 stria
817 1961 950 1998 ortae„
986 1951 1027 1989 in
1065 1964 1190 2003 quam
1225 1950 1321 1990 illae
1357 1948 1620 1998 inseruntur,
1672 1946 1851 2000 oblique

258 2013 528 2057 dextrorsum
564 2015 614 2053 ad
651 2018 884 2069 marginem
921 2015 1217 2065 decurrentes,
1269 2014 1406 2055 striam
1457 2013 1665 2062 eandem,
1721 2024 1852 2063 quan-

257 2090 348 2122 tum
384 2078 480 2118 illae
515 2077 786 2129 sinistrorsum
838 2079 1064 2119 retrorsum
1115 2079 1320 2133 oblique,
1375 2076 1642 2118 dextrorsum
1687 2085 1857 2116 antror-

256 2144 347 2186 sum
401 2142 564 2192 trahere
618 2153 846 2190 conamur,-
894 2144 1078 2196 ¹proinde
1115 2153 1306 2184 accurate
1341 2142 1493 2184 actioni
1529 2141 1697 2181 illarum
1732 2138 1853 2180 resis-

258 2217 375 2258 tunt3
414 2206 484 2247 sed
519 2207 626 2248 adeo
662 2205 745 2248 fixa
780 2208 906 2247 etiam
943 2206 1010 2247 sua
1043 2208 1213 2262 propria
1246 2207 1289 2248 vi
1325 2207 1428 2247 haec
1464 2205 1567 2259 septi
1612 2204 1756 2255 sedes,
1807 2209 1850 2242 et

257 2271 510 2319 vniuersum
549 2271 741 2325 septum,
794 2271 875 2312 efi‘e
911 2271 1119 2325 videtur,
1154 2281 1201 2314 vt
1235 2272 1370 2314 modo
1413 2283 1500 2312 non
1552 2269 1743 2312 fixiffima
1776 2266 1852 2315 fit„v

1721 2327 1850 2383 fiqui·
