2007 2677
776 227 928 242 -··-
961 209 1116 266 (2³6)
1152 227 1303 243 -·-·-

245 334 470 390 propiore,
521 337 564 370 et
597 323 811 367 orificIum
845 324 968 367 fimul
1001 323 1206 367 venosum
1260 326 1493 381 angustiora
1543 318 1830 373 contraffione

244 397 490 438 redduntur.
559 389 770 433 Valuulae
806 403 929 444 parS,
980 390 1135 443 pariter
1184 391 1336 445 plicata
1387 401 1534 434 contra
1587 394 1833 448 sanguinem

241 457 492 508 ventriculi,
529 469 614 510 quo
650 455 684 495 is
719 455 905 509 repletus
942 453 1022 505 est,
1067 463 1207 506 mota,
1258 465 1302 496 et
1337 466 1482 497 contra
1517 457 1567 498 ab
1602 471 1656 499 eo
1691 459 1836 512 repul-

239 522 303 575 sa,
354 523 524 563 obturat
558 519 770 561 orificium
823 517 1043 559 venosum.
1114 517 1200 572 Qui
1254 533 1404 562 omnes
1439 520 1637 574 effeetus,
1672 521 1833 562 etiamsi

240 601 264 628 a·
297 588 440 628 multis
485 586 660 627 aliarum
711 583 913 624 fibrarum
965 581 1198 623 actionibus
1250 584 1542 637 maximopere
1594 586 1834 640 adaugean-

239 661 330 704 tur,
383 651 546 704 semper
598 659 738 690 tamen
792 647 932 703 quoad
983 644 1166 700 aliquam
1220 646 1278 688 sui
1331 656 1493 702 partem
1528 648 1578 688 ab
1615 649 1678 690 his
1715 649 1835 690 fibris

242 716 415 771 quoque
452 715 612 756 ordinis
649 713 774 767 primi
808 712 1010 767 pendent-⁴
1064 710 1167 751 Non
1205 711 1372 753 videtur
1407 720 1575 763 autem⁷
1610 713 1712 752 dum
1748 714 1837 753 ori-

239 781 323 823 ficii
360 793 453 834 pars
490 778 695 832 posterior
731 789 829 816 cum
864 776 932 815 sua
965 774 1158 815 valuulae
1210 783 1327 827 parte
1363 784 1405 815 et
1439 776 1574 828 paries
1609 774 1718 815 finus
1753 789 1837 829 pom

239 846 385 886 sterior
418 842 558 882 versus
596 841 759 894 apicem
795 847 837 878 et
879 837 1042 891 septum
1092 848 1347 889 mouentur,
1399 848 1442 878 et
1477 839 1661 879 anterior
1712 839 1835 880 simul

239 908 392 950 o'rificii
428 920 520 961 pars
573 914 663 945 tota
698 902 899 956 consequi
947 914 1044 941 cum
1079 899 1147 941 sua
1180 901 1374 943 valuulae
1417 912 1534 956 parte
1572 912 1613 943 et
1648 916 1746 944 cum
1781 904 1835 943 fi-

239 984 317 1014 n'us
353 973 510 1026 pariete
547 967 770 1018 anteriori,
809 979 893 1019 quo
929 973 1068 1004 totum
1106 963 1319 1005 orificium
1355 974 1554 1021 totusque
1590 966 1699 1007 finus
1735 980 1836 1008 ver-

237 1037 302 1078 sus
339 1036 501 1089 apicem
537 1041 579 1073 et
613 1031 776 1085 septum
826 1037 1116 1069 mouerentur.
1202 1028 1386 1069 Infident
1437 1030 1514 1071 hae
1558 1041 1724 1084 partes.,
1759 1025 1868 1084 pa-n

237 1101 318 1142 ries
355 1099 464 1139 finus
500 1097 707 1147 anterior„
743 1093 893 1135 orificii
917 1103 960 1133 et
985 1092 1179 1133 valuulae
1214 1106 1308 1147 pars
1345 1095 1553 1145 anterior,
1588 1094 1694 1148 parti
1729 1107 1834 1147 pos·

237 1164 384 1206 teriori
421 1162 522 1203 basis
560 1169 698 1202 aortae
735 1169 777 1199 et
810 1158 885 1198 filo
922 1157 1195 1211 cartilagineo
1230 1157 1453 1212 posteriori
1488 1157 1671 1209 finistro,
1724 1170 1831 1211 quae
1868 1152 1870 1156 ’

236 1229 362 1270 nimis
398 1226 542 1268 firmae
579 1225 695 1266 sedes
750 1222 940 1265 trae‘tioni
991 1222 1118 1275 partis
1174 1222 1416 1276 posterioris
1460 1221 1567 1262 finus
1604 1231 1646 1262 et
1680 1221 1831 1261 orificii

235 1294 349 1336 haud
387 1292 556 1332 cedunt.
625 1289 822 1342 Figuram
857 1287 985 1341 igitur
1037 1286 1151 1327 suam
1202 1285 1409 1341 situmque
1454 1285 1561 1326 finus
1599 1295 1641 1325 et
1675 1285 1835 1326 orifici-

236 1370 310 1398 um
347 1354 627 1409 aliquomodo
663 1352 898 1393 mutabunt.
968 1349 1248 1402 Antrorsum‚
1302 1351 1464 1404 apicem
1508 1349 1650 1391 versus
1695 1349 1831 1402 paries
1871 1350 1873 1352 ’

234 1420 441 1477 posterior
476 1428 517 1459 et
550 1430 643 1471 pars
679 1415 860 1456 obturati
896 1414 1051 1455 orificii
1085 1413 1292 1466 posterior
1325 1415 1642 1466 protrahentur,
1672 1413 1833 1453 immo-

237 1486 288 1526 tis
324 1484 510 1539 partibus
563 1479 867 1527 anterioribus‚·
919 1487 960 1518 et
995 1475 1207 1518 orificium
1242 1489 1348 1530 ergo
1385 1491 1470 1517 non
1505 1479 1615 1518 reeta
1665 1478 1873 1532 apicem*

234 1549 396 1600 versus,
426 1547 494 1588 sed
526 1545 702 1599 oblique
731 1542 873 1584 versus
910 1541 1140 1595 superiora,
1176 1540 1346 1592 systoles
1382 1551 1577 1595 tempore
1606 1541 1830 1596 speciabit‚

235 1613 568 1667 sanguinemque
606 1609 678 1650 suo
715 1617 835 1648 motu
886 1605 1027 1647 versus
1079 1615 1218 1646 aortae
1272 1604 1483 1646 orificium
1534 1605 1678 1659 pellet.
1757 1603 1827 1644 Sic

235 1679 391 1733 pariter
426 1686 468 1717 et
501 1673 727 1715 ventriculi
777 1671 902 1726 ipsius
938 1669 1072 1723 figura
1106 1669 1360 1722 mutabitur,
1413 1671 1514 1710 dum
1551 1669 1650 1709 basis
1685 1668 1728 1707 in
1762 1667 1828 1706 in-

236 1742 384 1783 feriori
419 1738 637 1794 superficie
674 1737 838 1791 apicem
871 1733 1013 1776 versus
1052 1744 1275 1786 mouetur,
1321 1735 1364 1774 in
1400 1732 1600 1786 superiori
1648 1731 1827 1771 immota

237 1806 418 1857 constat,
471 1804 678 1856 fitumque
731 1800 957 1854 obliquum
1001 1797 1273 1849 nanciscitur,
1327 1799 1514 1850 dumque
1549 1795 1726 1851 inferior
1761 1793 1827 1834 su-

234 1869 429 1924 perficies
466 1867 680 1920 superiore
734 1865 874 1904 minor
908 1863 951 1901 in
987 1861 1132 1913 systole
1168 1862 1322 1903 euadit.
1391 1861 1530 1901 Muita
1566 1873 1670 1912 ergo
1706 1858 1824 1909 sunt,

236 1946 343 1987 quae
389 1932 455 1972 his
506 1930 623 1970 fibris
677 1928 837 1969 ordinis
888 1926 1012 1980 primi
1063 1939 1293 1980 earumque
1346 1926 1507 1966 afflone
1560 1923 1824 1964 efficiuntur:

233 1995 478 2040 Ventriculi
514 1994 744 2035 contraeiio
792 1990 930 2046 quoad
982 1990 1295 2044 longitudinem
1332 1999 1374 2029 et
1408 1989 1699 2039 latitudinem„
1752 2000 1824 2027 an-

234 2061 410 2116 gustatio
447 2058 596 2104 orificii
632 2055 801 2110 venosi,
851 2054 1129 2109 valvulaeque
1164 2054 1346 2108 repulsio
1382 2063 1423 2093 et
1458 2053 1670 2093 obturatio
1707 2049 1825 2091 orifi-

235 2126 289 2166 cii
340 2125 478 2172 illius;
531 2131 622 2162 tum
672 2132 803 2174 porro
840 2117 1013 2172 obliqua
1048 2120 1230 2160 obturati
1267 2117 1420 2158 orificii
1472 2116 1645 2157 direfflo
1680 2114 1821 2155 versus

235 2189 447 2243 superiora
481 2196 524 2228 et
557 2184 764 2239 sanguinis
800 2183 843 2222 in
879 2182 1089 2224 orificium
1132 2182 1380 2227 arteriosum
1430 2180 1626 2238 impulsio
1638 2192 1651 2232 ,-
1704 2177 1824 2220 deni-

238 2266 325 2308 que·
353 2261 511 2293 mutata
544 2248 768 2292 ventriculi
804 2246 950 2303 figura.

1710 2363 1824 2409 Amo
