2007 2677
686 165 1218 224 ==(291)·===

215 291 296 344 46.
365 287 471 330 Eius
508 283 792 329 continuatio.

220 382 296 420 47.
333 380 410 417 47.
479 362 627 404 Fibrae
679 358 877 415 singulari
932 358 1164 400 directione
1203 371 1224 400 a
1262 356 1346 400 fine
1382 357 1500 401 striae
1539 359 1771 405 decurren-

350 440 446 480 tes,
481 428 531 466 ιἰιι
562 438 664 479 quas
701 428 861 468 multae
897 424 1125 478 longarum
1162 425 1271 477 (36.
1308 437 1385 476 42.
1428 425 1532 479 50.)
1579 426 1772 469 inserun-

347 504 428 534 tur.
498 489 748 543 Videntur,
786 489 985 545 quamuis
1040 502 1126 530 non
1172 487 1265 530 satis
1303 489 1541 544 inquisitae,
1580 489 1772 542 fasciculi

347 555 593 597 terminales
630 555 746 609 effe,
797 556 850 597 de
889 553 1045 610 quibus
1080 555 1124 595 in
1160 552 1436 609 sequentibus
1473 555 1774 600 dissertationi-

345 621 423 663 bus
443 620 641 661 dicetur.
1507 616 1510 620 ⁴

211 710 292 755 48.
330 708 406 751 48.
477 697 600 754 Quae
640 698 752 752 quasi
787 710 845 740 ex
880 697 987 743 fibra
1021 696 1169 752 (Τιώ-
1207 695 1242 738 1.
1283 696 1387 751 86.)
1421 699 1669 743 continuata
1689 702 1770 744 effe

343 763 529 818 videtur,
589 814 592 821 Ι
966 786 971 791 ·

213 857 289 896 49.
357 841 465 884 Eius
502 840 786 889 continuatio.
818 853 822 859 ·

218 933 292 972 50.
360 918 565 961 Fiusdem
601 917 774 958 insertio
809 917 853 958 in
890 913 1118 962 fasciculos
1156 916 1323 972 (47.).

219 1010 292 1049 51.
332 1009 406 1048 52.
475 995 659 1047 Fibrae‚
705 1006 885 1050 quarum
920 1007 1061 1049 neque
1098 1005 1252 1047 orum,
1298 1007 1438 1050 neque
1476 995 1572 1038 finis
1608 996 1649 1040 In
1688 998 1766 1042 hac

345 1060 568 1116 superficie
599 1060 764 1101 .c0rdis
817 1068 1007 1114 apparet.
1093 1057 1312 1100 Incertum
1347 1060 1460 1101 vnde
1497 1056 1769 1106 continuatae

220 1122 243 1150 ’ξ’
349 1125 522 1167 fuerint.
590 1125 691 1166 Hoc
747 1134 913 1165 certum
965 1124 1007 1164 in
1059 1127 1252 1178 margine
1304 1123 1396 1178 ipso
1445 1138 1592 1167 carum
1628 1139 1770 1181 partes

347 1191 508 1231 medias
561 1189 653 1231 fitas
707 1188 859 1243 fuiss'e,
911 1189 955 1230 in
999 1187 1252 1230 inferiorem
1289 1188 1559 1244 superficiem
1594 1193 1769 1247 prorsus

347 1269 432 1296 non
471 1255 679 1296 transiisse.
1463 1307 1470 1312 λ

220 1342 293 1385 53.
331 1330 528 1374 -Ρνίῐηειε
567 1327 713 1373 'fibrae
766 1345 821 1373 ex
864 1330 1080 1386 principio
1117 1331 1178 1372 fili
1216 1332 1479 1388 cartilaginei
1517 1333 1768 1388 posterioris

347 1397 487 1438 dextri
523 1406 660 1448 ortae,
698 1409 804 1450 quae
841 1397 1027 1450 aliquam
1064 1407 1229 1450 partem
1264 1396 1383 1438 striae
1405 1407 1572 1451 tegunt,
1605 1409 1646 1440 at
1665 1414 1771 1442 con-

346 1464 467 1503 tinuo
504 1460 946 1502 dextrorsumrflexae
983 1473 1039 1501 ex
1075 1462 1267 1515 margine
1298 1462 1415 1503 striae
1435 1473 1768 1516 exeunt‚-trans-

346 1526 497 1571 vetsim
534 1524 622 1567 fere
657 1525 780 1581 super
815 1526 985 1581 planam
1022 1526 1162 1567 dextri
1203 1527 1427 1568 ventriculi
1466 1526 1620 1569 faciem
1656 1539 1769 1572 tran-

349 1591 484 1641 scunt,
520 1599 564 1630 et
597 1592 816 1645 angulares
852 1590 977 1631 fibras
1015 1603 1036 1631 a
1071 1591 1334 1632 ventralibus
1372 1591 1646 1646 distinguunt.

223 1683 296 1723 54.
335 1682 408 1721 54.
461 1670 645 1718 ,Harum
697 1670 898 1711 fibrarum
952 1669 1220 1711 continuatio
1258 1670 1308 1711 ad
1345 1671 1581 1725 marginem
1621 1673 1764 1715 cordis

351 1748 502 1797 Vsque,
539 1734 649 1775 circa
687 1747 812 1787 quem
849 1735 1111 1776 fleciuntur.‘
1158 1736 1161 1739 “
1645 1731 1649 1735 ’

224 1822 295 1862 55.
335 1814 407 1863 56.
451 1825 522 1861 57·
566 1819 635 1857 58.
678 1822 749 1860 59.
818 1811 967 1852 fibrae
1021 1810 1240 1873 angulares
1286 1824 1308 1852 a
1353 1811 1430 1853 filo
1483 1812 1765 1867 cartilagineo

349 1875 573 1930 posteriori
610 1885 744 1926 ortae,
781 1874 982 1930 angulum
1020 1878 1162 1918 cordis
1197 1876 1488 1919 inuoluentes.
1550 1878 1694 1932 (Tab.
1731 1879 1762 1920 Ι.

352 1953 422 1992 24.
464 1953 534 1991 24.
576 1939 677 1992 25.)

223 2015 294 2066 53.
334 2018 410 2064 56.
478 2015 643 2056 Piimae
680 2015 828 2056 harum
868 2016 1070 2060 fibrarum
1107 2032 1161 2060 ex
1197 2018 1356 2074 angulo
1392 2019 1503 2060 inter
1535 2019 1654 2060 filuin
1675 2033 1764 2061 car·

351 2080 600 2133 tilagineum
636 2091 679 2121 et
714 2081 849 2122 striam
887 2092 1020 2123 ortae.
1089 2083 1234 2137 (Tab.
1271 2083 1306 2125 l.
1347 2097 1419 2135 24.
1458 2084 1563 2135 30.)

223 2171 295 2211 57.
365 2155 513 2197 Fibrae
570 2144 790 2211 sequentes
846 2160 1012 2214 angulis
1065 2160 1306 2202 acutissimis
1359 2157 1580 2200 succeffiue
1625 2159 1760 2203 a=filo

351 2230 467 2264 ortae
505 2220 648 2275 (Tab.
686 2223 719 2264 1.
760 2223 861 2277 25.)

926 2350 1016 2397 Oo
1055 2365 1080 2391 2
1681 2364 1756 2406 58·
