<?xml version="1.0" encoding="UTF-8"?>
<!DOCTYPE html PUBLIC "-//W3C//DTD XHTML 1.0 Transitional//EN"
    "http://www.w3.org/TR/xhtml1/DTD/xhtml1-transitional.dtd">
<html xmlns="http://www.w3.org/1999/xhtml" xml:lang="en" lang="en">
 <head>
  <title>
</title>
<meta http-equiv="Content-Type" content="text/html;charset=utf-8" />
  <meta name='ocr-system' content='tesseract 3.04.00' />
  <meta name='ocr-capabilities' content='ocr_page ocr_carea ocr_par ocr_line ocrx_word'/>
</head>
<body>
  <div class='ocr_page' id='page_1' title='image "./novaactaacademia01impe_0583.png"; bbox 0 0 2007 2677; ppageno 0'>
   <div class='ocr_carea' id='block_1_1' title="bbox 657 183 1200 240">
    <p class='ocr_par' dir='ltr' id='par_1_1' title="bbox 657 183 1200 240">
     <span class='ocr_line' id='line_1_1' title="bbox 657 183 1200 240; baseline -0.004 -11"><span class='ocrx_word' id='word_1_1' title='bbox 657 200 822 229; x_wconf 84' lang='grc'><strong>-,.--...--....-</strong></span> <span class='ocrx_word' id='word_1_2' title='bbox 855 183 1013 240; x_wconf 78' lang='lat'>(293)</span> <span class='ocrx_word' id='word_1_3' title='bbox 1044 201 1200 227; x_wconf 78' lang='lat'>·-.-.-.==</span> 
     </span>
    </p>
   </div>
   <div class='ocr_carea' id='block_1_2' title="bbox 323 296 1740 420">
    <p class='ocr_par' dir='ltr' id='par_1_2' title="bbox 323 296 1740 420">
     <span class='ocr_line' id='line_1_2' title="bbox 323 296 1740 359; baseline -0.004 -11"><span class='ocrx_word' id='word_1_4' title='bbox 323 304 405 349; x_wconf 86' lang='lat' dir='ltr'>fine</span> <span class='ocrx_word' id='word_1_5' title='bbox 441 303 587 359; x_wconf 87' lang='lat' dir='ltr'>potius</span> <span class='ocrx_word' id='word_1_6' title='bbox 628 313 755 356; x_wconf 88' lang='lat' dir='ltr'>quam</span> <span class='ocrx_word' id='word_1_7' title='bbox 791 300 922 343; x_wconf 79' lang='lat' dir='ltr'>latere</span> <span class='ocrx_word' id='word_1_8' title='bbox 959 301 1077 342; x_wconf 84' lang='lat' dir='ltr'>striae</span> <span class='ocrx_word' id='word_1_9' title='bbox 1114 298 1403 342; x_wconf 84' lang='lat' dir='ltr'>continuatus.</span> <span class='ocrx_word' id='word_1_10' title='bbox 1471 296 1612 342; x_wconf 85' lang='lat' dir='ltr'>Huius</span> <span class='ocrx_word' id='word_1_11' title='bbox 1633 313 1740 343; x_wconf 80' lang='lat' dir='ltr'>con·</span> 
     </span>
     <span class='ocr_line' id='line_1_3' title="bbox 323 365 1069 420; baseline -0.011 -7"><span class='ocrx_word' id='word_1_12' title='bbox 323 371 518 412; x_wconf 90' lang='lat' dir='ltr'>tinuatio.</span> <span class='ocrx_word' id='word_1_13' title='bbox 590 366 736 420; x_wconf 81' lang='lat' dir='ltr'>(Tab.</span> <span class='ocrx_word' id='word_1_14' title='bbox 773 365 808 406; x_wconf 87' lang='lat'>1.</span> <span class='ocrx_word' id='word_1_15' title='bbox 848 378 922 417; x_wconf 85' lang='lat'>54.</span> <span class='ocrx_word' id='word_1_16' title='bbox 964 368 1069 420; x_wconf 83' lang='lat'>58.)</span> 
     </span>
    </p>
   </div>
   <div class='ocr_carea' id='block_1_3' title="bbox 196 441 1737 566">
    <p class='ocr_par' dir='ltr' id='par_1_3' title="bbox 196 441 1737 566">
     <span class='ocr_line' id='line_1_4' title="bbox 196 441 1737 507; baseline -0.005 -15"><span class='ocrx_word' id='word_1_17' title='bbox 196 464 271 507; x_wconf 82' lang='lat'>73.</span> <span class='ocrx_word' id='word_1_18' title='bbox 340 447 613 491; x_wconf 83' lang='lat' dir='ltr'>Interstitium</span> <span class='ocrx_word' id='word_1_19' title='bbox 667 445 777 487; x_wconf 88' lang='lat' dir='ltr'>inter</span> <span class='ocrx_word' id='word_1_20' title='bbox 829 458 1002 499; x_wconf 82' lang='lat' dir='ltr'>magnas</span> <span class='ocrx_word' id='word_1_21' title='bbox 1038 444 1131 486; x_wconf 84' lang='lat' dir='ltr'>illas</span> <span class='ocrx_word' id='word_1_22' title='bbox 1168 443 1314 499; x_wconf 82' lang='lat' dir='ltr'>fibras,</span> <span class='ocrx_word' id='word_1_23' title='bbox 1349 443 1533 499; x_wconf 82' lang='lat' dir='ltr'>egregiis</span> <span class='ocrx_word' id='word_1_24' title='bbox 1570 441 1737 504; x_wconf 83' lang='lat' dir='ltr'>fibrillis</span> 
     </span>
     <span class='ocr_line' id='line_1_5' title="bbox 320 510 1165 566; baseline -0.004 -13"><span class='ocrx_word' id='word_1_25' title='bbox 320 512 508 565; x_wconf 82' lang='lat' dir='ltr'><strong>obliquis</strong></span> <span class='ocrx_word' id='word_1_26' title='bbox 545 510 899 551; x_wconf 59' lang='lat' dir='ltr'>comiciientibus</span> <span class='ocrx_word' id='word_1_27' title='bbox 938 511 1165 566; x_wconf 85' lang='lat' dir='ltr'>repletum.</span> 
     </span>
    </p>
   </div>
   <div class='ocr_carea' id='block_1_4' title="bbox 186 588 1737 721">
    <p class='ocr_par' dir='ltr' id='par_1_4' title="bbox 186 588 1737 721">
     <span class='ocr_line' id='line_1_6' title="bbox 192 588 959 644; baseline -0.001 -14"><span class='ocrx_word' id='word_1_28' title='bbox 192 605 266 644; x_wconf 85' lang='lat'>74.</span> <span class='ocrx_word' id='word_1_29' title='bbox 336 588 486 632; x_wconf 83' lang='lat' dir='ltr'>Simile</span> <span class='ocrx_word' id='word_1_30' title='bbox 524 588 638 629; x_wconf 84' lang='lat' dir='ltr'>aliud</span> <span class='ocrx_word' id='word_1_31' title='bbox 675 589 959 630; x_wconf 86' lang='lat' dir='ltr'>interstitium.</span> 
     </span>
     <span class='ocr_line' id='line_1_7' title="bbox 186 663 1737 721; baseline -0.001 -15"><span class='ocrx_word' id='word_1_32' title='bbox 186 679 265 721; x_wconf 83' lang='lat'>75.</span> <span class='ocrx_word' id='word_1_33' title='bbox 335 665 529 707; x_wconf 86' lang='lat' dir='ltr'>Vltimae</span> <span class='ocrx_word' id='word_1_34' title='bbox 566 664 695 706; x_wconf 88' lang='lat' dir='ltr'>fibrae</span> <span class='ocrx_word' id='word_1_35' title='bbox 732 679 788 707; x_wconf 85' lang='lat' dir='ltr'>ex</span> <span class='ocrx_word' id='word_1_36' title='bbox 822 665 908 707; x_wconf 85' lang='lat' dir='ltr'>fine</span> <span class='ocrx_word' id='word_1_37' title='bbox 944 666 1062 707; x_wconf 82' lang='lat' dir='ltr'>striae</span> <span class='ocrx_word' id='word_1_38' title='bbox 1099 663 1385 705; x_wconf 82' lang='lat' dir='ltr'>continuatae.</span> <span class='ocrx_word' id='word_1_39' title='bbox 1424 663 1615 718; x_wconf 80' lang='lat' dir='ltr'>(Tab.1.</span> <span class='ocrx_word' id='word_1_40' title='bbox 1638 666 1737 718; x_wconf 90' lang='grc'><strong>58.)</strong></span> 
     </span>
    </p>
   </div>
   <div class='ocr_carea' id='block_1_5' title="bbox 188 743 1738 1121">
    <p class='ocr_par' dir='ltr' id='par_1_5' title="bbox 188 743 1738 991">
     <span class='ocr_line' id='line_1_8' title="bbox 188 743 1738 798; baseline -0.001 -14"><span class='ocrx_word' id='word_1_41' title='bbox 188 748 265 798; x_wconf 88' lang='lat'>76.</span> <span class='ocrx_word' id='word_1_42' title='bbox 336 743 485 785; x_wconf 84' lang='lat' dir='ltr'>Fibrac</span> <span class='ocrx_word' id='word_1_43' title='bbox 522 743 859 797; x_wconf 82' lang='lat' dir='ltr'>longitudinalcs</span> <span class='ocrx_word' id='word_1_44' title='bbox 896 744 1041 793; x_wconf 85' lang='lat' dir='ltr'>striae,</span> <span class='ocrx_word' id='word_1_45' title='bbox 1088 753 1207 784; x_wconf 83' lang='lat' dir='ltr'>ortae</span> <span class='ocrx_word' id='word_1_46' title='bbox 1243 756 1265 784; x_wconf 87' lang='lat' dir='ltr'>a</span> <span class='ocrx_word' id='word_1_47' title='bbox 1300 743 1519 796; x_wconf 88' lang='lat' dir='ltr'>principiis</span> <span class='ocrx_word' id='word_1_48' title='bbox 1556 743 1738 783; x_wconf 84' lang='lat' dir='ltr'>coniun-</span> 
     </span>
     <span class='ocr_line' id='line_1_9' title="bbox 316 805 1738 862; baseline -0.004 -12"><span class='ocrx_word' id='word_1_49' title='bbox 316 809 484 851; x_wconf 66' lang='lat' dir='ltr'>&amp;orum</span> <span class='ocrx_word' id='word_1_50' title='bbox 521 807 696 848; x_wconf 88' lang='lat' dir='ltr'>filorum</span> <span class='ocrx_word' id='word_1_51' title='bbox 734 808 1114 862; x_wconf 84' lang='lat' dir='ltr'>cartilagineorum</span> <span class='ocrx_word' id='word_1_52' title='bbox 1150 807 1437 861; x_wconf 88' lang='lat' dir='ltr'>posteriorum</span> <span class='ocrx_word' id='word_1_53' title='bbox 1473 805 1547 858; x_wconf 87' lang='lat'>(4.</span> <span class='ocrx_word' id='word_1_54' title='bbox 1575 806 1626 846; x_wconf 91' lang='lat' dir='ltr'>B.</span> <span class='ocrx_word' id='word_1_55' title='bbox 1655 806 1738 859; x_wconf 92' lang='lat' dir='ltr'>D.)</span> 
     </span>
     <span class='ocr_line' id='line_1_10' title="bbox 316 870 1737 928; baseline -0.001 -14"><span class='ocrx_word' id='word_1_56' title='bbox 316 873 415 914; x_wconf 89' lang='lat' dir='ltr'>inde</span> <span class='ocrx_word' id='word_1_57' title='bbox 467 871 612 913; x_wconf 71' lang='lat' dir='ltr'>versus</span> <span class='ocrx_word' id='word_1_58' title='bbox 663 872 831 926; x_wconf 83' lang='lat' dir='ltr'>apicem</span> <span class='ocrx_word' id='word_1_59' title='bbox 876 873 1019 915; x_wconf 86' lang='lat' dir='ltr'>cordis</span> <span class='ocrx_word' id='word_1_60' title='bbox 1065 872 1395 928; x_wconf 86' lang='lat' dir='ltr'>progredientes</span> <span class='ocrx_word' id='word_1_61' title='bbox 1430 870 1558 912; x_wconf 82' lang='lat' dir='ltr'>variis</span> <span class='ocrx_word' id='word_1_62' title='bbox 1595 871 1737 912; x_wconf 86' lang='lat' dir='ltr'>modis</span> 
     </span>
     <span class='ocr_line' id='line_1_11' title="bbox 319 935 840 991; baseline -0.006 -12"><span class='ocrx_word' id='word_1_63' title='bbox 319 937 474 989; x_wconf 78' lang='lat' dir='ltr'>flexae,</span> <span class='ocrx_word' id='word_1_64' title='bbox 509 935 629 990; x_wconf 85' lang='lat' dir='ltr'>saepe</span> <span class='ocrx_word' id='word_1_65' title='bbox 665 935 840 991; x_wconf 85' lang='lat' dir='ltr'>crispae.</span> 
     </span>
    </p>

    <p class='ocr_par' dir='ltr' id='par_1_6' title="bbox 189 1011 1738 1121">
     <span class='ocr_line' id='line_1_12' title="bbox 189 1011 1738 1070; baseline -0.001 -15"><span class='ocrx_word' id='word_1_66' title='bbox 189 1031 266 1070; x_wconf 91' lang='lat'>77.</span> <span class='ocrx_word' id='word_1_67' title='bbox 335 1015 485 1065; x_wconf 81' lang='lat' dir='ltr'>Loca,</span> <span class='ocrx_word' id='word_1_68' title='bbox 534 1011 607 1053; x_wconf 84' lang='lat' dir='ltr'>vbi</span> <span class='ocrx_word' id='word_1_69' title='bbox 652 1012 783 1054; x_wconf 83' lang='lat' dir='ltr'>fibrae</span> <span class='ocrx_word' id='word_1_70' title='bbox 829 1012 987 1068; x_wconf 75' lang='lat' dir='ltr'>crispae</span> <span class='ocrx_word' id='word_1_71' title='bbox 1033 1011 1247 1054; x_wconf 84' lang='lat' dir='ltr'>flexuosae</span> <span class='ocrx_word' id='word_1_72' title='bbox 1290 1013 1418 1054; x_wconf 82' lang='lat' dir='ltr'>variis</span> <span class='ocrx_word' id='word_1_73' title='bbox 1453 1012 1597 1054; x_wconf 91' lang='lat' dir='ltr'>modis</span> <span class='ocrx_word' id='word_1_74' title='bbox 1633 1025 1738 1055; x_wconf 87' lang='lat' dir='ltr'>con·</span> 
     </span>
     <span class='ocr_line' id='line_1_13' title="bbox 320 1076 1250 1121; baseline -0.004 0"><span class='ocrx_word' id='word_1_75' title='bbox 320 1079 545 1121; x_wconf 60' lang='lat' dir='ltr'>nectuntur</span> <span class='ocrx_word' id='word_1_76' title='bbox 578 1087 622 1119; x_wconf 88' lang='lat' dir='ltr'>et</span> <span class='ocrx_word' id='word_1_77' title='bbox 657 1076 879 1118; x_wconf 91' lang='lat' dir='ltr'>discedunt</span> <span class='ocrx_word' id='word_1_78' title='bbox 914 1092 935 1120; x_wconf 89' lang='lat' dir='ltr'>a</span> <span class='ocrx_word' id='word_1_79' title='bbox 971 1077 1010 1118; x_wconf 92' lang='lat' dir='ltr'>se</span> <span class='ocrx_word' id='word_1_80' title='bbox 1046 1077 1250 1118; x_wconf 91' lang='lat' dir='ltr'>inuicem.</span> 
     </span>
    </p>
   </div>
   <div class='ocr_carea' id='block_1_6' title="bbox 190 1154 1737 1276">
    <p class='ocr_par' dir='ltr' id='par_1_7' title="bbox 190 1154 1737 1276">
     <span class='ocr_line' id='line_1_14' title="bbox 190 1154 1737 1212; baseline 0 -15"><span class='ocrx_word' id='word_1_81' title='bbox 190 1166 267 1211; x_wconf 80' lang='grc'><strong>78.</strong></span> <span class='ocrx_word' id='word_1_82' title='bbox 337 1156 561 1212; x_wconf 78' lang='lat' dir='ltr'>Quaedam</span> <span class='ocrx_word' id='word_1_83' title='bbox 605 1155 748 1210; x_wconf 73' lang='lat' dir='ltr'>passim</span> <span class='ocrx_word' id='word_1_84' title='bbox 793 1156 922 1209; x_wconf 84' lang='lat' dir='ltr'>loca,</span> <span class='ocrx_word' id='word_1_85' title='bbox 969 1156 1043 1197; x_wconf 79' lang='lat' dir='ltr'>vbi</span> <span class='ocrx_word' id='word_1_86' title='bbox 1090 1154 1223 1196; x_wconf 85' lang='lat' dir='ltr'>fibrae</span> <span class='ocrx_word' id='word_1_87' title='bbox 1260 1154 1420 1197; x_wconf 83' lang='lat' dir='ltr'>solutae</span> <span class='ocrx_word' id='word_1_88' title='bbox 1456 1169 1477 1198; x_wconf 78' lang='lat' dir='ltr'>a</span> <span class='ocrx_word' id='word_1_89' title='bbox 1514 1154 1737 1210; x_wconf 87' lang='lat' dir='ltr'>superficie</span> 
     </span>
     <span class='ocr_line' id='line_1_15' title="bbox 318 1220 1670 1276; baseline -0.001 -15"><span class='ocrx_word' id='word_1_90' title='bbox 318 1221 443 1276; x_wconf 86' lang='lat' dir='ltr'>snper</span> <span class='ocrx_word' id='word_1_91' title='bbox 478 1221 577 1262; x_wconf 79' lang='lat' dir='ltr'>alias</span> <span class='ocrx_word' id='word_1_92' title='bbox 613 1221 806 1262; x_wconf 85' lang='lat' dir='ltr'>laterales</span> <span class='ocrx_word' id='word_1_93' title='bbox 844 1222 894 1262; x_wconf 86' lang='lat' dir='ltr'>ad</span> <span class='ocrx_word' id='word_1_94' title='bbox 929 1220 1221 1262; x_wconf 75' lang='lat' dir='ltr'>ventriculum</span> <span class='ocrx_word' id='word_1_95' title='bbox 1258 1221 1428 1262; x_wconf 64' lang='lat' dir='ltr'>transire</span> <span class='ocrx_word' id='word_1_96' title='bbox 1454 1221 1670 1262; x_wconf 78' lang='lat' dir='ltr'>videntur.</span> 
     </span>
    </p>
   </div>
   <div class='ocr_carea' id='block_1_7' title="bbox 189 1312 1736 1624">
    <p class='ocr_par' dir='ltr' id='par_1_8' title="bbox 189 1312 1736 1624">
     <span class='ocr_line' id='line_1_16' title="bbox 189 1312 1735 1367; baseline 0 -15"><span class='ocrx_word' id='word_1_97' title='bbox 189 1325 265 1367; x_wconf 89' lang='lat'>79.</span> <span class='ocrx_word' id='word_1_98' title='bbox 307 1321 379 1357; x_wconf 92' lang='grc'><strong>80.</strong></span> <span class='ocrx_word' id='word_1_99' title='bbox 420 1320 492 1356; x_wconf 85' lang='lat'>81.</span> <span class='ocrx_word' id='word_1_100' title='bbox 534 1320 606 1356; x_wconf 78' lang='lat'>32.</span> <span class='ocrx_word' id='word_1_101' title='bbox 675 1312 818 1354; x_wconf 85' lang='lat' dir='ltr'>Fascia</span> <span class='ocrx_word' id='word_1_102' title='bbox 863 1312 1079 1353; x_wconf 82' lang='lat' dir='ltr'>coronalis</span> <span class='ocrx_word' id='word_1_103' title='bbox 1126 1312 1336 1367; x_wconf 87' lang='lat' dir='ltr'>posterior</span> <span class='ocrx_word' id='word_1_104' title='bbox 1370 1312 1561 1364; x_wconf 72' lang='lat' dir='ltr'>sinistra,</span> <span class='ocrx_word' id='word_1_105' title='bbox 1613 1313 1735 1353; x_wconf 89' lang='lat' dir='ltr'>cuius</span> 
     </span>
     <span class='ocr_line' id='line_1_17' title="bbox 318 1374 1736 1430; baseline -0.001 -13"><span class='ocrx_word' id='word_1_106' title='bbox 318 1376 448 1417; x_wconf 84' lang='lat' dir='ltr'>fibrae</span> <span class='ocrx_word' id='word_1_107' title='bbox 485 1388 506 1416; x_wconf 84' lang='lat' dir='ltr'>a</span> <span class='ocrx_word' id='word_1_108' title='bbox 543 1375 618 1416; x_wconf 88' lang='lat' dir='ltr'>filo</span> <span class='ocrx_word' id='word_1_109' title='bbox 664 1377 942 1430; x_wconf 82' lang='lat' dir='ltr'>cartilagineo</span> <span class='ocrx_word' id='word_1_110' title='bbox 986 1387 1104 1418; x_wconf 83' lang='lat' dir='ltr'>ortae</span> <span class='ocrx_word' id='word_1_111' title='bbox 1150 1377 1331 1430; x_wconf 88' lang='lat' dir='ltr'>oblique</span> <span class='ocrx_word' id='word_1_112' title='bbox 1380 1374 1648 1418; x_wconf 84' lang='lat' dir='ltr'>dextrorsum</span> <span class='ocrx_word' id='word_1_113' title='bbox 1693 1387 1736 1416; x_wconf 88' lang='lat' dir='ltr'>et</span> 
     </span>
     <span class='ocr_line' id='line_1_18' title="bbox 316 1439 1735 1495; baseline 0 -14"><span class='ocrx_word' id='word_1_114' title='bbox 316 1439 474 1481; x_wconf 91' lang='lat' dir='ltr'>sursum</span> <span class='ocrx_word' id='word_1_115' title='bbox 510 1439 787 1492; x_wconf 82' lang='lat' dir='ltr'>adscendunt,</span> <span class='ocrx_word' id='word_1_116' title='bbox 812 1440 1058 1495; x_wconf 87' lang='lat' dir='ltr'>partimque</span> <span class='ocrx_word' id='word_1_117' title='bbox 1094 1441 1137 1480; x_wconf 87' lang='lat' dir='ltr'>in</span> <span class='ocrx_word' id='word_1_118' title='bbox 1175 1440 1301 1482; x_wconf 80' lang='lat' dir='ltr'>fibras</span> <span class='ocrx_word' id='word_1_119' title='bbox 1339 1441 1604 1491; x_wconf 82' lang='lat' dir='ltr'>continuant,</span> <span class='ocrx_word' id='word_1_120' title='bbox 1628 1453 1735 1495; x_wconf 85' lang='lat' dir='ltr'>quae</span> 
     </span>
     <span class='ocr_line' id='line_1_19' title="bbox 314 1504 1735 1562; baseline 0.001 -16"><span class='ocrx_word' id='word_1_121' title='bbox 314 1517 469 1546; x_wconf 78' lang='lat' dir='ltr'>venam</span> <span class='ocrx_word' id='word_1_122' title='bbox 522 1505 789 1546; x_wconf 68' lang='lat' dir='ltr'>coronarium</span> <span class='ocrx_word' id='word_1_123' title='bbox 843 1514 1028 1560; x_wconf 81' lang='lat' dir='ltr'>tegunt,</span> <span class='ocrx_word' id='word_1_124' title='bbox 1081 1505 1238 1562; x_wconf 86' lang='lat' dir='ltr'>partim</span> <span class='ocrx_word' id='word_1_125' title='bbox 1280 1505 1503 1548; x_wconf 88' lang='lat' dir='ltr'>immersae</span> <span class='ocrx_word' id='word_1_126' title='bbox 1538 1504 1735 1547; x_wconf 73' lang='lat' dir='ltr'>subicc‘tis</span> 
     </span>
     <span class='ocr_line' id='line_1_20' title="bbox 315 1567 817 1624; baseline 0.002 -14"><span class='ocrx_word' id='word_1_127' title='bbox 315 1569 506 1624; x_wconf 85' lang='lat' dir='ltr'>partibus</span> <span class='ocrx_word' id='word_1_128' title='bbox 542 1567 582 1609; x_wconf 92' lang='lat' dir='ltr'>se</span> <span class='ocrx_word' id='word_1_129' title='bbox 616 1569 817 1611; x_wconf 86' lang='lat' dir='ltr'>inserunt.</span> 
     </span>
    </p>
   </div>
   <div class='ocr_carea' id='block_1_8' title="bbox 188 1646 1731 1771">
    <p class='ocr_par' dir='ltr' id='par_1_9' title="bbox 188 1646 1731 1771">
     <span class='ocr_line' id='line_1_21' title="bbox 188 1646 1731 1705; baseline 0.003 -16"><span class='ocrx_word' id='word_1_130' title='bbox 188 1662 266 1704; x_wconf 88' lang='lat'>79.</span> <span class='ocrx_word' id='word_1_131' title='bbox 337 1648 459 1704; x_wconf 78' lang='lat' dir='ltr'>Quae</span> <span class='ocrx_word' id='word_1_132' title='bbox 513 1659 569 1688; x_wconf 82' lang='lat' dir='ltr'>ex</span> <span class='ocrx_word' id='word_1_133' title='bbox 618 1646 839 1704; x_wconf 87' lang='lat' dir='ltr'>superficie</span> <span class='ocrx_word' id='word_1_134' title='bbox 887 1650 996 1692; x_wconf 88' lang='lat' dir='ltr'>finus</span> <span class='ocrx_word' id='word_1_135' title='bbox 1033 1651 1271 1705; x_wconf 82' lang='lat' dir='ltr'>anteriori,</span> <span class='ocrx_word' id='word_1_136' title='bbox 1323 1664 1380 1694; x_wconf 83' lang='lat' dir='ltr'>ex</span> <span class='ocrx_word' id='word_1_137' title='bbox 1417 1651 1491 1693; x_wconf 89' lang='lat' dir='ltr'>filo</span> <span class='ocrx_word' id='word_1_138' title='bbox 1528 1651 1731 1694; x_wconf 82' lang='lat' dir='ltr'>anteriori</span> 
     </span>
     <span class='ocr_line' id='line_1_22' title="bbox 318 1712 1246 1771; baseline 0.002 -17"><span class='ocrx_word' id='word_1_139' title='bbox 318 1724 454 1765; x_wconf 82' lang='lat' dir='ltr'>ortae,</span> <span class='ocrx_word' id='word_1_140' title='bbox 489 1713 532 1753; x_wconf 91' lang='lat' dir='ltr'>in</span> <span class='ocrx_word' id='word_1_141' title='bbox 570 1712 678 1754; x_wconf 78' lang='lat' dir='ltr'>hanc</span> <span class='ocrx_word' id='word_1_142' title='bbox 712 1713 982 1771; x_wconf 88' lang='lat' dir='ltr'>superficiem</span> <span class='ocrx_word' id='word_1_143' title='bbox 1018 1717 1246 1759; x_wconf 80' lang='lat' dir='ltr'>transeunt.</span> 
     </span>
    </p>
   </div>
   <div class='ocr_carea' id='block_1_9' title="bbox 189 1787 1728 1849">
    <p class='ocr_par' dir='ltr' id='par_1_10' title="bbox 189 1787 1728 1849">
     <span class='ocr_line' id='line_1_23' title="bbox 189 1787 1728 1849; baseline 0.003 -20"><span class='ocrx_word' id='word_1_144' title='bbox 189 1797 264 1834; x_wconf 88' lang='grc'><strong>80.</strong></span> <span class='ocrx_word' id='word_1_145' title='bbox 304 1798 376 1835; x_wconf 86' lang='grc'><strong>80.</strong></span> <span class='ocrx_word' id='word_1_146' title='bbox 449 1787 571 1846; x_wconf 88' lang='lat' dir='ltr'>Quae</span> <span class='ocrx_word' id='word_1_147' title='bbox 609 1801 664 1830; x_wconf 86' lang='lat' dir='ltr'>ex</span> <span class='ocrx_word' id='word_1_148' title='bbox 699 1788 776 1833; x_wconf 87' lang='lat' dir='ltr'>filo</span> <span class='ocrx_word' id='word_1_149' title='bbox 809 1792 1032 1846; x_wconf 88' lang='lat' dir='ltr'>posteriori</span> <span class='ocrx_word' id='word_1_150' title='bbox 1067 1795 1111 1835; x_wconf 90' lang='lat' dir='ltr'>in</span> <span class='ocrx_word' id='word_1_151' title='bbox 1148 1794 1227 1836; x_wconf 84' lang='lat' dir='ltr'>hac</span> <span class='ocrx_word' id='word_1_152' title='bbox 1263 1791 1484 1849; x_wconf 90' lang='lat' dir='ltr'>superficie</span> <span class='ocrx_word' id='word_1_153' title='bbox 1516 1793 1728 1836; x_wconf 89' lang='lat' dir='ltr'>oriuntur.</span> 
     </span>
    </p>
   </div>
   <div class='ocr_carea' id='block_1_10' title="bbox 189 1865 1731 1986">
    <p class='ocr_par' dir='ltr' id='par_1_11' title="bbox 189 1865 1731 1986">
     <span class='ocr_line' id='line_1_24' title="bbox 189 1865 1731 1928; baseline 0.006 -23"><span class='ocrx_word' id='word_1_154' title='bbox 189 1875 265 1913; x_wconf 86' lang='lat'>8¹·</span> <span class='ocrx_word' id='word_1_155' title='bbox 333 1866 424 1908; x_wconf 86' lang='lat' dir='ltr'>Vbi</span> <span class='ocrx_word' id='word_1_156' title='bbox 477 1866 632 1921; x_wconf 87' lang='lat' dir='ltr'>partim</span> <span class='ocrx_word' id='word_1_157' title='bbox 675 1866 718 1908; x_wconf 90' lang='lat' dir='ltr'>in</span> <span class='ocrx_word' id='word_1_158' title='bbox 765 1865 892 1911; x_wconf 85' lang='lat' dir='ltr'>fibras</span> <span class='ocrx_word' id='word_1_159' title='bbox 928 1870 1101 1928; x_wconf 82' lang='lat'><em>(112.)</em></span> <span class='ocrx_word' id='word_1_160' title='bbox 1137 1870 1351 1914; x_wconf 85' lang='lat' dir='ltr'>transeunt</span> <span class='ocrx_word' id='word_1_161' title='bbox 1384 1870 1539 1928; x_wconf 84' lang='lat' dir='ltr'>partim</span> <span class='ocrx_word' id='word_1_162' title='bbox 1574 1870 1614 1914; x_wconf 87' lang='lat' dir='ltr'>se</span> <span class='ocrx_word' id='word_1_163' title='bbox 1650 1873 1731 1914; x_wconf 90' lang='lat' dir='ltr'>im·</span> 
     </span>
     <span class='ocr_line' id='line_1_25' title="bbox 315 1941 530 1986; baseline -0.005 -14"><span class='ocrx_word' id='word_1_164' title='bbox 315 1941 530 1986; x_wconf 86' lang='lat' dir='ltr'>mergunt.</span> 
     </span>
    </p>
   </div>
   <div class='ocr_carea' id='block_1_11' title="bbox 186 2007 1730 2185">
    <p class='ocr_par' dir='ltr' id='par_1_12' title="bbox 186 2007 1730 2185">
     <span class='ocr_line' id='line_1_26' title="bbox 186 2007 1730 2072; baseline 0.006 -26"><span class='ocrx_word' id='word_1_165' title='bbox 186 2015 264 2054; x_wconf 77' lang='lat'>82.</span> <span class='ocrx_word' id='word_1_166' title='bbox 332 2007 500 2050; x_wconf 87' lang='lat' dir='ltr'>Vltima</span> <span class='ocrx_word' id='word_1_167' title='bbox 543 2008 744 2052; x_wconf 86' lang='lat' dir='ltr'>fibrarum</span> <span class='ocrx_word' id='word_1_168' title='bbox 789 2025 920 2068; x_wconf 80' lang='lat' dir='ltr'>pars,</span> <span class='ocrx_word' id='word_1_169' title='bbox 971 2027 1027 2058; x_wconf 82' lang='lat' dir='ltr'>ex</span> <span class='ocrx_word' id='word_1_170' title='bbox 1068 2016 1284 2072; x_wconf 90' lang='lat' dir='ltr'>principio</span> <span class='ocrx_word' id='word_1_171' title='bbox 1328 2015 1389 2058; x_wconf 83' lang='lat' dir='ltr'>fili</span> <span class='ocrx_word' id='word_1_172' title='bbox 1424 2015 1565 2057; x_wconf 83' lang='lat' dir='ltr'>finistri</span> <span class='ocrx_word' id='word_1_173' title='bbox 1602 2025 1730 2067; x_wconf 84' lang='lat' dir='ltr'>orta,</span> 
     </span>
     <span class='ocr_line' id='line_1_27' title="bbox 315 2071 1727 2135; baseline 0.007 -24"><span class='ocrx_word' id='word_1_174' title='bbox 315 2071 439 2126; x_wconf 86' lang='lat' dir='ltr'>super</span> <span class='ocrx_word' id='word_1_175' title='bbox 475 2083 674 2116; x_wconf 91' lang='lat' dir='ltr'>truncum</span> <span class='ocrx_word' id='word_1_176' title='bbox 711 2077 884 2120; x_wconf 89' lang='lat' dir='ltr'>filorum</span> <span class='ocrx_word' id='word_1_177' title='bbox 920 2078 1027 2135; x_wconf 88' lang='grc'><strong>(5.)</strong></span> <span class='ocrx_word' id='word_1_178' title='bbox 1062 2081 1106 2123; x_wconf 90' lang='lat' dir='ltr'>in</span> <span class='ocrx_word' id='word_1_179' title='bbox 1143 2083 1396 2125; x_wconf 86' lang='lat' dir='ltr'>coronalem</span> <span class='ocrx_word' id='word_1_180' title='bbox 1431 2080 1600 2121; x_wconf 85' lang='lat' dir='ltr'>fasciam</span> <span class='ocrx_word' id='word_1_181' title='bbox 1620 2080 1727 2121; x_wconf 82' lang='lat' dir='ltr'>dex-</span> 
     </span>
     <span class='ocr_line' id='line_1_28' title="bbox 313 2138 715 2185; baseline 0.02 -9"><span class='ocrx_word' id='word_1_182' title='bbox 313 2146 421 2177; x_wconf 80' lang='lat' dir='ltr'>tram</span> <span class='ocrx_word' id='word_1_183' title='bbox 457 2138 715 2185; x_wconf 83' lang='lat' dir='ltr'>continuata.</span> 
     </span>
    </p>
   </div>
   <div class='ocr_carea' id='block_1_12' title="bbox 187 2215 1728 2336">
    <p class='ocr_par' dir='ltr' id='par_1_13' title="bbox 187 2215 1728 2336">
     <span class='ocr_line' id='line_1_29' title="bbox 187 2215 1728 2289; baseline 0.007 -35"><span class='ocrx_word' id='word_1_184' title='bbox 187 2222 261 2267; x_wconf 72' lang='lat'>03.</span> <span class='ocrx_word' id='word_1_185' title='bbox 330 2215 430 2258; x_wconf 83' lang='lat' dir='ltr'>Alia</span> <span class='ocrx_word' id='word_1_186' title='bbox 465 2230 579 2289; x_wconf 79' lang='lat' dir='ltr'>pars,</span> <span class='ocrx_word' id='word_1_187' title='bbox 613 2219 676 2262; x_wconf 86' lang='lat' dir='ltr'>illi</span> <span class='ocrx_word' id='word_1_188' title='bbox 712 2220 852 2280; x_wconf 82' lang='lat'><strong>(82·)</strong></span> <span class='ocrx_word' id='word_1_189' title='bbox 887 2226 1171 2285; x_wconf 83' lang='lat' dir='ltr'>praecedens,</span> <span class='ocrx_word' id='word_1_190' title='bbox 1204 2227 1251 2270; x_wconf 83' lang='lat' dir='ltr'>in</span> <span class='ocrx_word' id='word_1_191' title='bbox 1290 2234 1436 2268; x_wconf 85' lang='lat' dir='ltr'>tenues</span> <span class='ocrx_word' id='word_1_192' title='bbox 1473 2220 1599 2265; x_wconf 88' lang='lat' dir='ltr'>fibras</span> <span class='ocrx_word' id='word_1_193' title='bbox 1627 2222 1728 2267; x_wconf 90' lang='lat' dir='ltr'>lon·</span> 
     </span>
     <span class='ocr_line' id='line_1_30' title="bbox 308 2291 676 2336; baseline 0.022 -15"><span class='ocrx_word' id='word_1_194' title='bbox 308 2291 381 2336; x_wconf 81' lang='lat' dir='ltr'>gas</span> <span class='ocrx_word' id='word_1_195' title='bbox 418 2292 676 2329; x_wconf 78' lang='lat' dir='ltr'>continuata.</span> 
     </span>
    </p>
   </div>
   <div class='ocr_carea' id='block_1_13' title="bbox 868 2375 1725 2431">
    <p class='ocr_par' dir='ltr' id='par_1_14' title="bbox 868 2375 1725 2431">
     <span class='ocr_line' id='line_1_31' title="bbox 868 2375 1725 2431; baseline 0.007 -9"><span class='ocrx_word' id='word_1_196' title='bbox 868 2375 1023 2430; x_wconf 75' lang='lat'>003</span> <span class='ocrx_word' id='word_1_197' title='bbox 1650 2384 1725 2431; x_wconf 76' lang='lat'>84·</span> 
     </span>
    </p>
   </div>
  </div>
 </body>
</html>
