2007 2677
786 217 939 243 —····-····-
971 201 1127 259 (332)
1157 217 1311 234 ’-·····-·

295 321 364 380 C.
412 315 835 398 Experimenta
877 315 1024 373 circa
1064 313 1225 373 vsum
1271 313 1495 375 Salarici
1538 314 1802 380 instituta.

752 425 756 427 ’
736 425 1211 493 Experimentum
1245 442 1293 479 11.

444 529 595 584 5.15.
663 490 834 570 Aurum
877 538 935 569 et
961 529 1206 582 Argentum
1242 528 1494 579 tractantes,
1529 528 1767 571 limaturam
1802 537 1847 572 et

250 595 486 650 fragmenta
530 593 806 642 metallorum
843 607 941 633 cum
977 593 1166 645 aequali,
1200 593 1270 633 vel
1306 601 1347 632 et
1383 593 1513 646 duplo
1548 596 1738 647 pondere
1775 595 1849 637 Sa·

247 661 366 702 larici
421 660 657 714 colliquare
707 657 857 698 solent.
945 621 1272 708 Obieruarunt‚
1327 657 1443 710 quod
1495 652 1850 699 icorificationem

246 724 437 767 sordium
494 732 664 779 promte
717 732 942 777 operetur3
995 722 1113 775 quod
1168 720 1255 760 fusa
1297 720 1466 761 metalla
1501 720 1743 761 inhaerente
1779 722 1848 762 sua

248 790 510 845 pinguedine
564 797 606 828 et
641 787 737 827 tec'ti
790 786 912 825 instar
946 798 969 825 a
1003 784 1284 824 calcinatione
1329 793 1588 837 praetereut3
1644 785 1845 838 quodque

247 854 473 908 particulas
497 850 756 903 metallicas,
791 858 968 903 propter
1003 857 1176 888 tenuem
1211 848 1359 888 massae
1387 848 1578 902 fluxum,
1615 847 1735 890 facile
1760 848 1851 890 col„-

249 918 347 974 ligit
380 928 423 958 et
460 915 681 969 colliquat.

440 1043 555 1084 Dein
592 1040 734 1081 sordes
771 1038 1037 1081 officinarum
1073 1038 1227 1079 eodem
1248 1036 1432 1080 Salarico
1468 1036 1510 1079 in
1544 1039 1743 1094 regulum
1779 1052 1856 1081 co-

251 1118 382 1166 gunt,
418 1108 485 1149 cui
522 1104 763 1161 operationi
797 1104 986 1160 apprime
1022 1103 1124 1143 vtile
1159 1102 1266 1144 illud
1301 1103 1565 1143 inuenerant.

445 1235 648 1276 Tandem
682 1241 729 1273 vt
762 1232 936 1273 Boracis
974 1231 1146 1272 carioris
1198 1230 1410 1271 minorem
1435 1230 1732 1285 ,quantitatem
1769 1228 1854 1270 fer-

250 1294 514 1344 ruminandis
550 1297 733 1339 metallis
779 1296 1052 1350 impendant,
1107 1294 1339 1337 Salaricum
1395 1295 1531 1335 solent
1574 1295 1852 1337 calcinatione

256 1367 454 1406 diuturna
499 1376 654 1416 purum
690 1371 733 1401 et
766 1361 911 1402 album
960 1361 1165 1411 reddere,
1216 1361 1393 1414 eiusque
1430 1359 1608 1413 duplum
1644 1371 1741 1399 cum
1775 1357 1854 1397 fin-

255 1429 365 1484 gulis
400 1427 588 1482 partibus
625 1426 800 1464 Boracis
850 1425 1047 1463 vstulatae
1083 1423 1281 1470 miscent3
1334 1424 1494 1462 mixtus
1530 1424 1644 1462 enim
1679 1423 1748 1464 hic
1785 1420 1855 1464 SaI

255 1506 390 1549 aeque
432 1490 585 1532 efficax
620 1488 676 1528 est
709 1500 755 1528 ac
790 1487 936 1527 Borax
969 1499 1088 1540 pura.

452 1617 638 1660 Accedit
684 1615 887 1666 militati,
937 1613 1056 1668 quod
1107 1612 1264 1653 scoriae
1299 1627 1320 1654 a
1368 1613 1528 1655 fufione
1579 1613 1853 1655 metallorum

256 1685 445 1739 reliquae
480 1684 636 1723 iterum
671 1681 772 1722 loco
808 1680 987 1720 recentis
1012 1678 1182 1718 Salarici
1220 1678 1270 1717 ad
1306 1692 1464 1720 nouam
1500 1678 1706 1719 fufionem
1733 1676 1855 1719 adhi-

257 1750 349 1794 beri
383 1748 577 1805 poffu'nt‚
615 1746 752 1787 donec
787 1743 956 1799 penitus
993 1740 1307 1782 consumantur.

807 1862 1205 1928 Experimentum
1239 1879 1304 1913 12.

459 1948 634 1992 Vnciae
687 1949 792 1988 duae
844 1948 1061 1988 limaturae
1116 1946 1344 1987 aurichalci
1382 1957 1479 1986 cum
1513 1944 1611 1985 ferri
1659 1943 1855 1984 limatura

264 2017 448 2066 mixtae,
500 2023 546 2054 vt
579 2011 711 2064 vulgo
748 2013 790 2051 in
826 2010 1005 2050 officinis
1056 2011 1344 2064 colliguntur,
1397 2022 1494 2049 cum
1540 2008 1701 2063 aequali
1737 2016 1853 2060 parte

265 2078 438 2124 Sal-arici
487 2078 669 2131 liquatae
722 2074 971 2115 sescunciam
1008 2084 1049 2115 et
1085 2076 1328 2116 drachmam
1381 2073 1605 2115 aurichalci
1647 2072 1742 2127 puri
1779 2071 1853 2111 de-

268 2146 434 2192 derunt.

459 2237 583 2279 Aliae
620 2234 725 2275 duae
774 2234 920 2275 vnciae
972 2233 1187 2277 limaturae
1233 2234 1457 2276 aurichalci
1494 2246 1592 2275 cum
1625 2230 1746 2272 vnica
1779 2241 1856 2269 vn-

269 2304 333 2348 cia
367 2301 537 2349 Salarici
574 2299 779 2341 fusionem
813 2310 945 2354 aeque
979 2297 1208 2354 perfectam
1242 2299 1470 2342 subierunt.

1660 2357 1853 2413 Quatuot
