2007 2677
797 217 951 234 -——-
985 200 1137 254 (282)
1171 212 1336 240 -ν--τ-’.’

331 332 405 371 42..
458 312 673 354 Profunda
708 311 928 367 spelunca,
963 312 1005 353 in
1044 327 1168 367 quam
1203 314 1231 354 fi
1267 315 1417 366 stylum
1453 325 1572 357 caute
1606 329 1784 371 vrgea5‚
1819 314 1854 356 is

456 378 545 419 exit
580 378 622 418 in
657 377 875 432 superficie
911 378 1073 418 smuum
1109 378 1355 432 posteriori,
1391 380 1544 421 finibus
1580 381 1743 432 illaesis,
1781 381 1853 434 qui

456 442 638 496 propriis
674 443 717 483 in
753 443 831 484 hac
869 442 963 483 sede
999 443 1230 496 parietibus
1267 446 1479 499 gaudent,
1515 444 1716 489 cellulosa
1751 458 1855 485 con-

457 507 594 547 nexis.
646 506 717 550 Ex
752 507 829 549 hac
865 506 1060 560 spelunca
1094 507 1222 548 fibrae
1258 510 1378 563 (41.)
1406 520 1589 565 exeunt,
1626 519 1743 550 ortae
1780 508 1858 549 sci-

457 571 601 613 liceta
625 581 777 613 trunco
813 571 987 612 filorum
1022 572 1395 625 cartilagineorum
1429 573 1711 626 posteriorum
1747 572 1855 624 (6.)‚

458 635 561 675 dum
612 636 722 676 inter
773 635 983 690 separatos
1035 635 1078 675 in
1130 636 1206 676 hac
1265 636 1358 677 sede
1412 636 1519 676 finus
1556 650 1611 677 ex
1654 636 1857 677 anteriori

455 699 619 741 finuum
669 700 886 754 superficie
922 700 964 740 in
1006 700 1285 754 posteriorem
1339 700 1505 750 transit,
1556 699 1737 753 binaque
1788 700 1856 740 fila

325 785 330 789 ·
388 795 396 797 >
458 764 528 804 dat
577 764 819 818 posteriora.
889 763 937 803 In
972 765 1237 816 eandemque
1288 763 1530 817 speluncam
1581 763 1711 804 fibrae
1762 777 1856 804 eae-

459 828 556 867 dem
590 829 770 870 redeunt
805 827 901 879 (38.
932 829 1046 880 39.)‚
1082 827 1304 882 postquam
1339 828 1552 868 vorticem
1589 827 1856 880 formauere,

456 890 631 932 insertae
666 892 708 931 in
745 893 927 932 eundem
964 900 1175 931 truncum.

333 994 406 1033 41.
460 982 626 1035 Fibrae‚
661 997 715 1024 ex
749 981 959 1035 principio
995 982 1130 1021 trunci
1167 981 1341 1023 filorum
1377 982 1751 1036 cartilagineorum
1781 994 1859 1035 po-

456 1046 702 1099 steriorum,
738 1047 780 1086 in
816 1045 1073 1100 spleluncam
1110 1045 1245 1098 (40.)
1281 1046 1320 1092 se
1363 1047 1675 1100 immergentis,
1712 1056 1856 1096 ortae,

456 1110 554 1150 inde
589 1110 812 1166 parallelae
848 1120 890 1150 et
925 1109 1170 1151 conformes
1206 1111 1256 1151 iis
1295 1110 1432 1164 (35.)
1468 1125 1490 1152 a
1525 1111 1685 1151 dextris
1723 1110 1774 1149 ad
1809 1109 1859 1148 fi-

456 1174 577 1216 nistra
613 1175 789 1230 oblique
843 1174 1138 1216 adscendendo
1192 1184 1423 1228 exeuntes,
1475 1187 1573 1215 cum
1606 1175 1745 1228 iisque
1781 1185 1859 1227 per

456 1238 573 1280 sedes
611 1240 707 1293 (36.
747 1249 822 1288 38.
861 1239 956 1292 39.)
993 1240 1309 1280 continuantes.

332 1340 404 1379 42.
460 1324 738 1367 Continuatio
792 1325 994 1366 fibrarum
1038 1327 1269 1368 earundem
1305 1325 1411 1380 (35.
1448 1337 1522 1378 41.
1562 1327 1636 1374 36.
1675 1324 1770 1377 38.)
1807 1324 1858 1365 ad

456 1390 597 1429 sedem
633 1389 752 1445 (39.)
787 1390 1055 1430 inflexarum.

330 1479 406 1520 43.
427 1476 598 1517 43.43.
643 1462 742 1513 Alia
777 1464 909 1517 magis
947 1464 1159 1521 manifesta
1194 1463 1396 1504 fibrarum
1428 1458 1634 1516 inflexio,
1670 1465 1719 1505 ad
1756 1477 1862 1504 eun·

460 1530 557 1570 dem
593 1526 680 1568 fere
717 1529 897 1568 modum
930 1529 975 1568 in
1010 1528 1166 1569 lineam
1203 1527 1312 1581 quasi
1347 1529 1745 1584 perpendicularem
1782 1529 1858 1567 du·

458 1594 535 1644 (sta,
571 1605 652 1646 qua
688 1591 791 1632 aliae
827 1592 954 1633 fibrae
990 1593 1098 1633 resta
1132 1591 1254 1645 super
1288 1591 1444 1633 lineam
1480 1592 1717 1644 transeunt,
1753 1591 1855 1631 aliae

458 1656 592 1710 magis
626 1656 808 1697 inflexae
843 1657 882 1697 se
917 1658 1170 1710 immergere
1207 1656 1248 1695 in
1285 1668 1378 1696 eam
1412 1657 1622 1698 videntur.

332 1750 407 1789 44.
463 1734 744 1777 Continuatio
794 1734 996 1775 fibrarum
1032 1733 1137 1785 (42.
1176 1745 1249 1783 35.
1287 1736 1360 1782 36.
1397 1736 1506 1787 41.)
1545 1746 1650 1788 quae
1686 1730 1858 1773 descen-

462 1800 606 1840 dentes
643 1800 693 1839 ad
744 1799 929 1839 radicem
984 1798 1294 1851 cartilagineam
1340 1797 1461 1849 (5.).‚
1514 1798 1552 1838 ei
1598 1796 1854 1848 adhaerent,

446 1863 550 1903 ‘tum
587 1859 711 1904 solito
747 1863 880 1903 modo
916 1861 1089 1917 oblique
1125 1863 1222 1903 inde
1272 1860 1545 1902 sinistrorsum
1598 1854 1856 1902 adscendunt

463 1925 715 1981 fasciamque
750 1925 995 1967 coronalem
1030 1927 1232 1968 efficiunt,

335 2010 410 2052 45.
446 1998 671 2042 Proximae
708 2003 860 2053 fibrae,
894 2015 1002 2043 nunc
1037 2017 1168 2058 porro
1204 2002 1329 2043 solito
1365 2003 1497 2043 modo
1534 2015 1555 2043 a
1590 2001 1729 2042 radice
1766 2012 1858 2040 car-

462 2065 658 2118 tilaginea
688 2066 792 2119 (5.).‚
828 2075 1024 2119 tanquam
1060 2080 1177 2109 ramo
1212 2067 1322 2107 inter
1357 2067 1495 2107 nodos
1532 2065 1855 2117 anastomotico,

462 2142 547 2183 quo
581 2140 624 2170 et
658 2129 726 2170 fila
761 2130 1100 2184 coniunguntur,
1135 2141 1177 2173 et
1212 2144 1370 2172 corona
1404 2131 1648 2185 perficitur,
1685 2138 1814 2170 ortae.

336 2222 411 2271 46.
448 2219 594 2260 Fibrae
630 2219 846 2274 sequentes
878 2220 1020 2263 fasciae
1043 2222 1281 2275 coronalis,
1316 2235 1372 2264 ex
1405 2221 1554 2263 eadem
1588 2219 1729 2262 radice
1765 2230 1856 2260 car·

465 2283 660 2338 tilaginea
694 2294 825 2327 ortae.

1777 2367 1852 2406 47·
