2007 2677
796 208 947 224 ——-
980 191 1134 245 (284.)
1172 197 1324 231 ἷξε-*4.

401 345 410 353 .
447 312 550 354 Eius
586 306 706 350 radix
738 305 954 361 superior,
991 305 1103 346 carni
1138 304 1245 347 smus
1278 304 1433 347 innata.

401 420 410 430 .
447 389 585 430 Radix
619 385 823 438 inferior,
876 397 898 425 a
931 384 1132 439 pediculo
1168 382 1383 439 superiore
1419 384 1629 426 auriculae
1656 386 1857 428 ‘sinistrae

463 462 587 494 ortas

375 531 410 558 ο.
451 520 524 566 63.
578 513 728 555 Fibrae
764 513 866 554 aliae
902 525 957 554 ex
990 500 1208 565 superficie
1244 512 1465 565 posteriori
1502 513 1612 555 circa
1665 514 1773 554 latus
1810 512 1857 553 fi-

463 593 540 622 nus
576 579 735 631 flexae,
770 577 980 618 radicibus
1017 577 1279 616 accedentes.

464 657 614 700 Fibrae
665 656 715 697 ad
769 655 878 696 basin
930 666 1062 695 venae
1114 652 1371 708 pulmonalis
1420 653 1638 694 anterioris
1682 653 1857 695 finisti-ae

463 722 632 777 pofitae.

403 817 411 827 .
448 786 595 828 Fibrae
633 782 888 824 transuersae
924 782 974 822 ad
1009 781 1116 821 latus
1153 780 1260 821 finus
1313 781 1511 822 dextrum
1548 779 1858 822 descendentes.

404 893 413 903 .
450 860 764 905 Transuersalis
800 860 1021 914 posterior.

405 973 414 983 .
450 943 690 993 Fib1·ae.,ex
724 939 944 992 posteriori
980 937 1087 976 finus
1126 921 1231 976 facie
1267 934 1495 988 colleoae,
1534 937 1585 978 ad
1619 937 1725 979 latus
1763 938 1866 979 dex-

468 1016 579 1046 trum
615 1005 757 1057 primo
793 1000 1029 1042 :introrsum
1063 1000 1229 1051 flexae,
1264 1008 1355 1040 tum
1391 999 1688 1043 descendentes
1727 1001 1860 1055 (Tab.

467 1069 545 1109 ΙΙΙ.
588 1080 689 1107 102.
732 1077 834 1114 103.
876 1078 977 1116 104.
1020 1063 1160 1117 105.)

403 1177 412 1186 .
449 1146 623 1197 Fame,
658 1158 711 1185 ex
745 1152 862 1198 parte
899 1141 1103 1196 superiori
1140 1139 1261 1181 faciei
1298 1141 1521 1182 anterioris
1556 1141 1665 1183 finus
1703 1142 1862 1184 collec-

469 1221 559 1263 tae,
596 1210 646 1252 ad
682 1209 790 1250 latus
827 1208 1024 1248 dextrum
1058 1206 1167 1246 finus
1205 1204 1520 1245 descendentes.

405 1317 414 1327 .
451 1288 599 1329 Fibrae
635 1299 766 1328 venae
802 1283 1061 1340 pulmonalis
1097 1281 1340 1337 posterioris
1375 1282 1568 1323 finistrae.

405 1392 414 1402 .
451 1364 599 1404 Fibrae
635 1375 766 1402 venae
801 1360 1059 1415 pulmonalis
1094 1359 1338 1412 posterioris
1375 1358 1584 1400 dextrae„

406 1469 416 1478 .
451 1439 599 1480 Fibrae
634 1422 765 1478 irenae
800 1426 1058 1490 pulmonalis
1095 1434 1315 1474 anterioris
1352 1435 1538 1474 dextrae.

380 1529 417 1555 ἢ.
453 1515 674 1557 Fibrarum
706 1526 839 1554 venae
876 1526 1002 1553 cauae
1036 1510 1260 1564 superioris
1292 1510 1441 1565 *portio
1476 1509 1681 1565 superior.

409 1623 418 1633 .
455 1594 700 1636 Earundem
734 1590 912 1631 inferior
945 1590 1105 1644 portio.

957 1711 1077 1762 Tab.
1112 1708 1189 1760 ΠΙ.

475 1790 654 1843 Cordis
692 1787 963 1854 superficies
1006 1785 1232 1849 inferior3
1264 1772 1581 1836 auricularum
1614 1773 1664 1835 et

724 1851 954 1903 vasorum
987 1849 1129 1901 facies
1163 1851 1419 1915 posterior.

345 1938 397 1980 A.
432 1935 483 1980 Β.
522 1935 571 1976 C.
639 1935 916 1980 Ventriculus
952 1935 1116 1976 sinister.

346 2016 398 2058 A.

466 2014 677 2056 Postrema
730 2028 824 2069 pars
876 2015 1073 2067 marginis
1126 2013 1294 2064 finistri,
1345 2012 1417 2053 vbi
1461 2011 1591 2052 fibrae
1635 2023 1690 2051 ex
1723 2008 1866 2050 medio

477 2079 697 2123 interstitio
732 2080 841 2118 inter
877 2077 971 2117 bina
1008 2078 1076 2119 fila
1111 2078 1380 2131 cartilaginea
1413 2075 1563 2116 sinistra
1599 2074 1807 2116 oriuntur.

347 2152 399 2194 B.
437 2153 671 2196 Terminus
699 2152 925 2193 ventriculi
962 2153 1011 2194 ad
1047 2154 1208 2205 seriam,
1244 2148 1319 2193 seu
1349 2152 1585 2203 marginem
1619 2148 1867 2198 inferiorem

478 2217 608 2272 septi,
657 2215 730 2271 vbi
764 2215 985 2269 sequentes
1022 2217 1149 2258 fibrae
1163 2247 1184 2273 ‚b
1227 2230 1314 2258 non
1349 2216 1401 2258 ad
1435 2213 1745 2276 ventriculum,
1796 2212 1867 2253 sed

479 2283 531 2323 ad
565 2281 701 2323 striam
733 2280 960 2336 pertinent.

1817 2333 1865 2374 C.
