2007 2677
661 196 818 228 e===
851 185 1010 242 (239)
1039 195 1201 226 -ss—-s

127 300 245 350 &one
283 304 482 347 efficitur.
551 295 698 343 Primo
751 301 926 354 quidem
962 300 1229 342 ventriculus
1268 290 1478 352 'posterius
1515 291 1570 338 ad
1601 291 1742 347 haffn,

125 384 354 429 propeque
387 368 647 422 marginem,
683 365 823 419 aliqua
863 365 920 406 sui
959 377 1074 420 parte
1112 369 1193 421 qua
1221 363 1343 405 tuber
1378 362 1602 417 producit,
1640 371 1741 414 prae

128 438 208 479 filo
245 434 475 476 retrorsum
529 430 831 484 cartilagineo,
885 442 927 472 et
964 432 1118 485 pariter
1154 428 1338 471 anterius
1374 428 1494 482 apice
1530 425 1606 467 suo
1642 435 1742 478 prae

131 501 399 543 extremitate
436 495 578 547 striae,
631 497 862 550 prominet.
936 496 1026 537 Hae
1063 495 1173 536 solae
1209 504 1346 548 partes
1401 502 1570 542 autem,
1619 488 1743 529 filum

133 576 176 607 et
210 565 324 613 stria,
375 560 548 601 fixiores
601 560 718 601 sedes
773 560 979 602 efficiunt.
1052 560 1156 616 Quo
1190 571 1326 612 vsque
1363 570 1468 611 ergo
1504 555 1628 597 tuber
1663 565 1745 608 po·

131 629 274 670 sterius
312 639 409 679 prae
445 625 548 676 fi10,
585 626 768 666 anterius
805 638 913 680 apex
950 639 1049 680 prae
1086 624 1203 674 stria,
1254 622 1529 676 prominent,
1578 618 1745 661 fixiori·

130 693 206 733 bus
244 690 324 731 suis
363 690 491 731 ambo
542 689 710 731 sedibus
758 691 936 731 minime
974 689 1239 737 innituntur,
1292 696 1335 726 et
1371 686 1494 727 tuber
1530 697 1636 738 ergo
1671 695 1749 724 an-

127 755 311 798 trorsnm
347 755 549 796 fibrarum
587 754 904 806 contractione,
940 765 1049 807 apex
1083 750 1340 803 retrorsum,
1376 748 1628 804 promoueri
1665 760 1746 801 po·

127 821 217 862 test.
291 820 358 862 Sic
394 819 660 861 ventriculus
696 819 782 873 ipse
811 828 854 859 et
884 819 1041 860 cauitas
1076 815 1305 859 ventriculi
1341 815 1482 868 aliqua
1517 811 1610 853 suae
1647 811 1747 851 lon,

127 885 334 940 gitudinis
371 894 489 938 parte
525 884 706 925 omnino
758 884 1088 924 imminuuntur.
1156 875 1312 922 Tub'er
1364 879 1567 920 nimirum
1602 885 1746 916 totum

128 962 170 992 et
205 951 364 1004 pariter
399 962 534 1002 apex,
588 960 675 1001 quo
710 960 849 1001 vsque
885 947 1130 1002 prominet,
1180 945 1345 986 afflone
1381 941 1610 985 ventriculi
1647 952 1749 981 eua-

129 1014 331 1064 nescunt,
384 1014 562 1067 eiusque
608 1011 926 1066 longitudinem
961 1023 1009 1051 ea
1045 1011 1209 1050 ratione
1262 1008 1540 1049 imminuunt.
1610 1004 1749 1047 Sicuti

128 1080 254 1120 tuber
289 1079 569 1133 posteriorem
593 1089 792 1131 quoque,
827 1088 938 1130 apex
960 1075 1244 1125 anteriorem,
1279 1072 1599 1114 extremitatem
1636 1069 1749 1110 mar-

129 1145 239 1199 ginis
269 1143 496 1184 ventriculi
533 1141 689 1194 efficit,
725 1151 840 1195 patet
875 1151 1070 1194 tempore
1106 1138 1282 1181 actionis
1319 1147 1462 1179 totum
1498 1144 1749 1176 conuexum

130 1219 174 1250 et
208 1208 529 1262 prominentem
583 1207 819 1261 marginem
872 1203 1140 1247 euanescere.
1231 1202 1454 1259 Quatenus
1499 1198 1756 1242 extremita-

130 1283 193 1313 tes
239 1273 356 1321 eius,
407 1272 534 1314 tuber
584 1272 816 1326 posterius,
868 1281 911 1312 et
946 1270 1132 1311 anterius
1185 1282 1294 1323 apex
1336 1267 1479 1309 versus
1516 1265 1556 1306 se
1593 1271 1748 1305 mutuo

130 1339 294 1379 actione
331 1336 535 1377 fibrarum
572 1346 827 1386 monentur,
864 1335 1039 1376 breuior
1072 1333 1365 1384 ventriculus,
1403 1340 1612 1386 quatenus
1649 1339 1747 1382 pars

130 1403 273 1443 media
308 1414 503 1442 connexa
538 1401 772 1442 earundem
814 1398 1020 1441 fibrarum
1054 1399 1219 1442 actione
1255 1396 1549 1450 contrahitur,
1593 1404 1749 1448 angus-

132 1468 217 1509 tior
251 1467 324 1508 ille
361 1465 571 1507 efficitur.-

222 1624 225 1627 -
278 1593 376 1636 -Olvv
398 1593 535 1651 sedem
564 1594 912 1649 porro-fixiorem
947 1593 1007 1635 ad
1036 1591 1170 1649 basin,
1204 1591 1352 1634 αέῖἰοηὶ
1381 1588 1595 1646 fibrarum¹

702 1672 946 1726 aliquatenus
982 1672 1193 1714 cedentem.
1487 1685 1492 1689 ·

333 1781 544 1838 Quamuis
597 1780 780 1824 fixiores.
807 1794 948 1826 autem
984 1784 1104 1826 sedes
1140 1783 1292 1827 harum
1342 1780 1546 1822 fibrarum
1583 1775 1749 1818 ordinis

133 1843 306 1887 secundi
343 1848 387 1888 in
423 1847 637 1903 principio
673 1860 819 1888 earum
855 1849 905 1890 ad
939 1848 1063 1890 filum
1110 1848 1435 1903 cartilagineum
1483 1843 1670 1887 anterius
1706 1849 1748 1881 et

133 1909 404 1952 interstitium
455 1912 564 1954 inter
619 1912 714 1953 bina
749 1911 820 1955 fila
853 1913 1029 1968 sinistra,
1063 1925 1107 1956 et
1140 1914 1183 1955 in
1218 1913 1303 1954 fine
1339 1912 1391 1954 ad
1426 1908 1753 1953 extremitatem

135 1974 278 2027 striae,
329 1977 538 2019 mobilior
572 1978 615 2016 in
652 1977 791 2019 media
843 1980 1072 2021 earundem
1124 1989 1243 2035 parte
1297 1977 1347 2019 ad
1395 1976 1633 2031 marginem
1670 1970 1754 2012 fine

134 2039 257 2087 fitae;
314 2053 399 2081 non
437 2055 493 2083 eo
528 2051 668 2083 tamen
720 2055 857 2097 vsque
891 2044 993 2085 ideo
1027 2044 1138 2086 fixae
1175 2044 1268 2085 sunt
1302 2044 1498 2098 priores,
1549 2049 1595 2079 vt
1631 2034 1749 2076 nulla

133 2105 299 2146 ratione
336 2107 474 2147 motui
512 2118 555 2147 et
597 2109 882 2149 contraffloni.
928 2108 1130 2151 fibrarum
1185 2109 1338 2150 cedere
1393 2106 1559 2163 possint.
1647 2099 1749 2141 Nec

134 2169 207 2210 nifi
245 2180 419 2211 eatenus
455 2170 679 2213 fixaehae
714 2172 829 2214 sedes
884 2174 1041 2216 censeri
1097 2175 1290 2230 potsunt,
1347 2181 1551 2227 qnatenus
1599 2164 1754 2205 multot

133 2234 343 2276 mobilior
377 2248 471 2289 pars
509 2237 648 2278 media
683 2237 762 2291 est,
799 2252 905 2293 quae
943 2242 1063 2283 nullo
1093 2240 1338 2287 obstaculo,
1375 2236 1474 2288 quin
1514 2232 1617 2273 ilico
1649 2241 1755 2269 mo-

131 2300 196 2344 tui
232 2300 379 2352 cedat,
434 2311 628 2355 tenetur,
669 2303 877 2360 'quaeque
923 2319 1010 2360 quo
1063 2318 1199 2360 vsque
1244 2303 1382 2354 cedit,
1437 2298 1563 2340 vires.
1594 2294 1750 2338 motti*

1631 2370 1747 2402 cium
