<?xml version="1.0" encoding="UTF-8"?>
<!DOCTYPE html PUBLIC "-//W3C//DTD XHTML 1.0 Transitional//EN"
    "http://www.w3.org/TR/xhtml1/DTD/xhtml1-transitional.dtd">
<html xmlns="http://www.w3.org/1999/xhtml" xml:lang="en" lang="en">
 <head>
  <title>
</title>
<meta http-equiv="Content-Type" content="text/html;charset=utf-8" />
  <meta name='ocr-system' content='tesseract 3.04.00' />
  <meta name='ocr-capabilities' content='ocr_page ocr_carea ocr_par ocr_line ocrx_word'/>
</head>
<body>
  <div class='ocr_page' id='page_1' title='image "./novaactaacademia01impe_0533.png"; bbox 0 0 2007 2677; ppageno 0'>
   <div class='ocr_carea' id='block_1_1' title="bbox 692 140 1222 196">
    <p class='ocr_par' dir='ltr' id='par_1_1' title="bbox 692 140 1222 196">
     <span class='ocr_line' id='line_1_1' title="bbox 692 140 1222 196; baseline -0.002 -13"><span class='ocrx_word' id='word_1_1' title='bbox 692 155 846 183; x_wconf 77' lang='lat'><em>====</em></span> <span class='ocrx_word' id='word_1_2' title='bbox 881 140 1035 196; x_wconf 75' lang='lat'>(243)</span> <span class='ocrx_word' id='word_1_3' title='bbox 1067 156 1222 184; x_wconf 79' lang='lat'><em>=====</em></span> 
     </span>
    </p>
   </div>
   <div class='ocr_carea' id='block_1_2' title="bbox 152 254 1763 504">
    <p class='ocr_par' dir='ltr' id='par_1_2' title="bbox 152 254 1763 504">
     <span class='ocr_line' id='line_1_2' title="bbox 158 254 1762 314; baseline -0.002 -9"><span class='ocrx_word' id='word_1_4' title='bbox 158 262 252 306; x_wconf 80' lang='lat' dir='ltr'>sane</span> <span class='ocrx_word' id='word_1_5' title='bbox 291 257 605 314; x_wconf 85' lang='lat' dir='ltr'>comprimere,</span> <span class='ocrx_word' id='word_1_6' title='bbox 652 254 1007 309; x_wconf 85' lang='lat' dir='ltr'>rcfistentiamque</span> <span class='ocrx_word' id='word_1_7' title='bbox 1044 266 1198 296; x_wconf 87' lang='lat' dir='ltr'>eorum</span> <span class='ocrx_word' id='word_1_8' title='bbox 1232 256 1430 307; x_wconf 74' lang='lat' dir='ltr'>vincere,</span> <span class='ocrx_word' id='word_1_9' title='bbox 1481 258 1669 311; x_wconf 56' lang='lat' dir='ltr'>poss‘enu</span> <span class='ocrx_word' id='word_1_10' title='bbox 1719 263 1762 302; x_wconf 87' lang='lat' dir='ltr'>in</span> 
     </span>
     <span class='ocr_line' id='line_1_3' title="bbox 159 317 1763 379; baseline -0.001 -9"><span class='ocrx_word' id='word_1_11' title='bbox 159 327 284 370; x_wconf 84' lang='lat' dir='ltr'>funes</span> <span class='ocrx_word' id='word_1_12' title='bbox 337 334 565 379; x_wconf 82' lang='lat' dir='ltr'>propterea</span> <span class='ocrx_word' id='word_1_13' title='bbox 616 319 767 361; x_wconf 70' lang='lat' dir='ltr'>crassos</span> <span class='ocrx_word' id='word_1_14' title='bbox 821 317 1043 374; x_wconf 78' lang='lat' dir='ltr'>fortesque</span> <span class='ocrx_word' id='word_1_15' title='bbox 1082 320 1156 362; x_wconf 76' lang='lat' dir='ltr'>has</span> <span class='ocrx_word' id='word_1_16' title='bbox 1201 320 1363 361; x_wconf 86' lang='lat' dir='ltr'>ordinis</span> <span class='ocrx_word' id='word_1_17' title='bbox 1416 319 1586 364; x_wconf 84' lang='lat' dir='ltr'>secundi</span> <span class='ocrx_word' id='word_1_18' title='bbox 1637 325 1763 368; x_wconf 73' lang='lat' dir='ltr'>fbras</span> 
     </span>
     <span class='ocr_line' id='line_1_4' title="bbox 157 382 1762 440; baseline -0.011 -6"><span class='ocrx_word' id='word_1_19' title='bbox 157 392 358 435; x_wconf 69' lang='lat' dir='ltr'>collec‘ias</span> <span class='ocrx_word' id='word_1_20' title='bbox 411 388 620 434; x_wconf 75' lang='lat' dir='ltr'>vidimus,</span> <span class='ocrx_word' id='word_1_21' title='bbox 675 382 820 437; x_wconf 86' lang='lat' dir='ltr'>quales</span> <span class='ocrx_word' id='word_1_22' title='bbox 857 384 899 424; x_wconf 92' lang='lat' dir='ltr'>in</span> <span class='ocrx_word' id='word_1_23' title='bbox 937 383 1051 426; x_wconf 82' lang='lat' dir='ltr'>nulla</span> <span class='ocrx_word' id='word_1_24' title='bbox 1100 384 1179 425; x_wconf 79' lang='lat' dir='ltr'>alia</span> <span class='ocrx_word' id='word_1_25' title='bbox 1230 385 1432 440; x_wconf 75' lang='lat' dir='ltr'>regione,</span> <span class='ocrx_word' id='word_1_26' title='bbox 1486 385 1569 428; x_wconf 84' lang='lat' dir='ltr'>ssue</span> <span class='ocrx_word' id='word_1_27' title='bbox 1603 389 1762 439; x_wconf 52' lang='lat' dir='ltr'>,sinistri</span> 
     </span>
     <span class='ocr_line' id='line_1_5' title="bbox 152 448 1267 504; baseline -0.008 -5"><span class='ocrx_word' id='word_1_28' title='bbox 152 453 408 504; x_wconf 84' lang='lat' dir='ltr'>ventriculi,</span> <span class='ocrx_word' id='word_1_29' title='bbox 442 450 528 490; x_wconf 83' lang='lat' dir='ltr'>fiue</span> <span class='ocrx_word' id='word_1_30' title='bbox 564 448 705 490; x_wconf 87' lang='lat' dir='ltr'>cordis</span> <span class='ocrx_word' id='word_1_31' title='bbox 742 448 949 502; x_wconf 82' lang='lat' dir='ltr'>vniuerfi,</span> <span class='ocrx_word' id='word_1_32' title='bbox 984 450 1267 503; x_wconf 85' lang='lat' dir='ltr'>reperiuntur.</span> 
     </span>
    </p>
   </div>
   <div class='ocr_carea' id='block_1_3' title="bbox 616 589 1301 644">
    <p class='ocr_par' dir='ltr' id='par_1_3' title="bbox 616 589 1301 644">
     <span class='ocr_line' id='line_1_6' title="bbox 616 589 1301 644; baseline -0.001 -12"><span class='ocrx_word' id='word_1_33' title='bbox 616 590 734 632; x_wconf 77' lang='grc' dir='ltr'><em>ΑεΊὶο</em></span> <span class='ocrx_word' id='word_1_34' title='bbox 758 589 963 644; x_wconf 85' lang='lat' dir='ltr'>fibrarum</span> <span class='ocrx_word' id='word_1_35' title='bbox 997 592 1105 633; x_wconf 83' lang='lat' dir='ltr'>tertii</span> <span class='ocrx_word' id='word_1_36' title='bbox 1136 590 1301 632; x_wconf 83' lang='lat' dir='ltr'><em>ordinis.</em></span> 
     </span>
    </p>
   </div>
   <div class='ocr_carea' id='block_1_4' title="bbox 147 699 1770 2361">
    <p class='ocr_par' dir='ltr' id='par_1_4' title="bbox 147 699 1770 2308">
     <span class='ocr_line' id='line_1_7' title="bbox 343 699 1762 754; baseline 0.003 -11"><span class='ocrx_word' id='word_1_37' title='bbox 343 701 495 743; x_wconf 83' lang='lat' dir='ltr'>Fibrae</span> <span class='ocrx_word' id='word_1_38' title='bbox 531 700 693 741; x_wconf 86' lang='lat' dir='ltr'>ordinis</span> <span class='ocrx_word' id='word_1_39' title='bbox 732 702 844 743; x_wconf 87' lang='lat' dir='ltr'>tertii</span> <span class='ocrx_word' id='word_1_40' title='bbox 882 710 1084 754; x_wconf 80' lang='lat' dir='ltr'>tanquam</span> <span class='ocrx_word' id='word_1_41' title='bbox 1120 699 1369 741; x_wconf 79' lang='lat' dir='ltr'>accefforiae</span> <span class='ocrx_word' id='word_1_42' title='bbox 1423 699 1590 744; x_wconf 87' lang='lat' dir='ltr'>funium</span> <span class='ocrx_word' id='word_1_43' title='bbox 1626 707 1762 747; x_wconf 83' lang='lat' dir='ltr'>confi·</span> 
     </span>
     <span class='ocr_line' id='line_1_8' title="bbox 147 764 1762 823; baseline 0.002 -15"><span class='ocrx_word' id='word_1_44' title='bbox 147 766 286 808; x_wconf 85' lang='lat' dir='ltr'>derari</span> <span class='ocrx_word' id='word_1_45' title='bbox 324 769 518 821; x_wconf 74' lang='lat' dir='ltr'>poliunt,</span> <span class='ocrx_word' id='word_1_46' title='bbox 571 765 781 818; x_wconf 77' lang='lat' dir='ltr'>siquidem</span> <span class='ocrx_word' id='word_1_47' title='bbox 815 774 860 806; x_wconf 88' lang='lat' dir='ltr'>et</span> <span class='ocrx_word' id='word_1_48' title='bbox 894 764 1016 805; x_wconf 69' lang='lat' dir='ltr'>simili</span> <span class='ocrx_word' id='word_1_49' title='bbox 1052 764 1228 806; x_wconf 91' lang='lat' dir='ltr'>illorum</span> <span class='ocrx_word' id='word_1_50' title='bbox 1265 765 1428 805; x_wconf 70' lang='lat' dir='ltr'>afflone</span> <span class='ocrx_word' id='word_1_51' title='bbox 1465 770 1675 823; x_wconf 65' lang='lat' dir='ltr'>gaudent,</span> <span class='ocrx_word' id='word_1_52' title='bbox 1719 781 1762 812; x_wconf 85' lang='lat' dir='ltr'>et</span> 
     </span>
     <span class='ocr_line' id='line_1_9' title="bbox 147 828 1761 884; baseline 0.002 -12"><span class='ocrx_word' id='word_1_53' title='bbox 147 831 192 872; x_wconf 89' lang='lat' dir='ltr'>id</span> <span class='ocrx_word' id='word_1_54' title='bbox 231 828 344 881; x_wconf 79' lang='lat' dir='ltr'>sere,</span> <span class='ocrx_word' id='word_1_55' title='bbox 400 830 516 884; x_wconf 92' lang='lat' dir='ltr'>quod</span> <span class='ocrx_word' id='word_1_56' title='bbox 552 829 828 871; x_wconf 87' lang='lat' dir='ltr'>efficiendum</span> <span class='ocrx_word' id='word_1_57' title='bbox 861 830 926 871; x_wconf 88' lang='lat' dir='ltr'>illi</span> <span class='ocrx_word' id='word_1_58' title='bbox 961 829 1237 884; x_wconf 76' lang='lat' dir='ltr'>relinquunt,</span> <span class='ocrx_word' id='word_1_59' title='bbox 1289 829 1495 871; x_wconf 88' lang='lat' dir='ltr'>efficiunt.</span> <span class='ocrx_word' id='word_1_60' title='bbox 1570 831 1703 874; x_wconf 85' lang='lat' dir='ltr'>Ortae</span> <span class='ocrx_word' id='word_1_61' title='bbox 1741 849 1761 875; x_wconf 77' lang='lat' dir='ltr'>a</span> 
     </span>
     <span class='ocr_line' id='line_1_10' title="bbox 150 892 1770 950; baseline 0.002 -15"><span class='ocrx_word' id='word_1_62' title='bbox 150 905 266 950; x_wconf 80' lang='lat' dir='ltr'>parre</span> <span class='ocrx_word' id='word_1_63' title='bbox 304 894 515 949; x_wconf 85' lang='lat' dir='ltr'>postrema</span> <span class='ocrx_word' id='word_1_64' title='bbox 550 906 700 934; x_wconf 87' lang='lat' dir='ltr'>crenae</span> <span class='ocrx_word' id='word_1_65' title='bbox 738 894 916 948; x_wconf 78' lang='lat' dir='ltr'>oblique</span> <span class='ocrx_word' id='word_1_66' title='bbox 972 893 1094 948; x_wconf 92' lang='lat' dir='ltr'>super</span> <span class='ocrx_word' id='word_1_67' title='bbox 1147 892 1298 935; x_wconf 75' lang='lat' dir='ltr'>facicm</span> <span class='ocrx_word' id='word_1_68' title='bbox 1352 908 1622 950; x_wconf 75' lang='lat' dir='ltr'>connexam,</span> <span class='ocrx_word' id='word_1_69' title='bbox 1673 908 1770 939; x_wconf 76' lang='lat' dir='ltr'>tan·-</span> 
     </span>
     <span class='ocr_line' id='line_1_11' title="bbox 150 955 1762 1018; baseline 0.004 -19"><span class='ocrx_word' id='word_1_70' title='bbox 150 972 276 1013; x_wconf 78' lang='lat' dir='ltr'>quam</span> <span class='ocrx_word' id='word_1_71' title='bbox 329 957 541 1012; x_wconf 84' lang='lat' dir='ltr'>angustior</span> <span class='ocrx_word' id='word_1_72' title='bbox 596 955 742 1008; x_wconf 84' lang='lat' dir='ltr'>fascia,</span> <span class='ocrx_word' id='word_1_73' title='bbox 795 958 1028 998; x_wconf 88' lang='lat' dir='ltr'>decurrunt</span> <span class='ocrx_word' id='word_1_74' title='bbox 1061 958 1112 998; x_wconf 84' lang='lat' dir='ltr'>ad</span> <span class='ocrx_word' id='word_1_75' title='bbox 1148 959 1402 1012; x_wconf 87' lang='lat' dir='ltr'><strong>marginem.</strong></span> <span class='ocrx_word' id='word_1_76' title='bbox 1473 960 1520 1001; x_wconf 89' lang='lat' dir='ltr'>In</span> <span class='ocrx_word' id='word_1_77' title='bbox 1556 975 1636 1014; x_wconf 73' lang='lat' dir='ltr'>eo,</span> <span class='ocrx_word' id='word_1_78' title='bbox 1673 965 1762 1018; x_wconf 82' lang='lat' dir='ltr'>api-</span> 
     </span>
     <span class='ocr_line' id='line_1_12' title="bbox 149 1020 1764 1082; baseline 0.003 -18"><span class='ocrx_word' id='word_1_79' title='bbox 149 1036 245 1064; x_wconf 90' lang='lat' dir='ltr'>cem</span> <span class='ocrx_word' id='word_1_80' title='bbox 283 1022 424 1064; x_wconf 79' lang='lat' dir='ltr'>versus</span> <span class='ocrx_word' id='word_1_81' title='bbox 462 1022 623 1071; x_wconf 72' lang='lat' dir='ltr'>flexae,</span> <span class='ocrx_word' id='word_1_82' title='bbox 659 1022 710 1063; x_wconf 86' lang='lat' dir='ltr'>ad</span> <span class='ocrx_word' id='word_1_83' title='bbox 747 1021 859 1062; x_wconf 86' lang='lat' dir='ltr'>suam</span> <span class='ocrx_word' id='word_1_84' title='bbox 895 1020 1136 1069; x_wconf 78' lang='lat' dir='ltr'>insertionis</span> <span class='ocrx_word' id='word_1_85' title='bbox 1174 1021 1342 1075; x_wconf 75' lang='lat' dir='ltr'>sedem,</span> <span class='ocrx_word' id='word_1_86' title='bbox 1377 1023 1632 1081; x_wconf 86' lang='lat' dir='ltr'>postremam</span> <span class='ocrx_word' id='word_1_87' title='bbox 1669 1042 1764 1082; x_wconf 80' lang='lat' dir='ltr'>par-</span> 
     </span>
     <span class='ocr_line' id='line_1_13' title="bbox 150 1085 1764 1145; baseline 0.003 -17"><span class='ocrx_word' id='word_1_88' title='bbox 150 1097 237 1128; x_wconf 83' lang='lat' dir='ltr'>tem</span> <span class='ocrx_word' id='word_1_89' title='bbox 276 1086 360 1127; x_wconf 86' lang='lat' dir='ltr'>foci</span> <span class='ocrx_word' id='word_1_90' title='bbox 399 1085 644 1135; x_wconf 69' lang='lat' dir='ltr'>inferioris,</span> <span class='ocrx_word' id='word_1_91' title='bbox 696 1099 833 1140; x_wconf 85' lang='lat' dir='ltr'>prope</span> <span class='ocrx_word' id='word_1_92' title='bbox 869 1085 1179 1140; x_wconf 56' lang='lat' dir='ltr'>superiorem,</span> <span class='ocrx_word' id='word_1_93' title='bbox 1217 1086 1504 1141; x_wconf 76' lang='lat' dir='ltr'>descendunt,</span> <span class='ocrx_word' id='word_1_94' title='bbox 1538 1099 1584 1130; x_wconf 87' lang='lat' dir='ltr'>vt</span> <span class='ocrx_word' id='word_1_95' title='bbox 1619 1090 1764 1145; x_wconf 89' lang='lat' dir='ltr'>super-</span> 
     </span>
     <span class='ocr_line' id='line_1_14' title="bbox 148 1149 1760 1207; baseline 0.004 -16"><span class='ocrx_word' id='word_1_96' title='bbox 148 1151 290 1192; x_wconf 88' lang='lat' dir='ltr'>ficiem</span> <span class='ocrx_word' id='word_1_97' title='bbox 343 1150 593 1191; x_wconf 83' lang='lat' dir='ltr'>inferiorem</span> <span class='ocrx_word' id='word_1_98' title='bbox 629 1151 701 1192; x_wconf 86' lang='lat' dir='ltr'>vix</span> <span class='ocrx_word' id='word_1_99' title='bbox 748 1160 935 1205; x_wconf 79' lang='lat' dir='ltr'><strong>tangant.</strong></span> <span class='ocrx_word' id='word_1_100' title='bbox 1020 1149 1066 1191; x_wconf 94' lang='lat' dir='ltr'>In</span> <span class='ocrx_word' id='word_1_101' title='bbox 1104 1151 1302 1193; x_wconf 80' lang='lat' dir='ltr'>alterutra</span> <span class='ocrx_word' id='word_1_102' title='bbox 1354 1165 1459 1207; x_wconf 86' lang='lat' dir='ltr'>ergo</span> <span class='ocrx_word' id='word_1_103' title='bbox 1513 1158 1760 1199; x_wconf 77' lang='lat' dir='ltr'>extremita—</span> 
     </span>
     <span class='ocr_line' id='line_1_15' title="bbox 151 1214 1763 1267; baseline 0.003 -11"><span class='ocrx_word' id='word_1_104' title='bbox 151 1225 240 1256; x_wconf 86' lang='lat' dir='ltr'>tum</span> <span class='ocrx_word' id='word_1_105' title='bbox 278 1215 422 1256; x_wconf 84' lang='lat' dir='ltr'>sedcm</span> <span class='ocrx_word' id='word_1_106' title='bbox 460 1214 588 1256; x_wconf 83' lang='lat' dir='ltr'>fixam</span> <span class='ocrx_word' id='word_1_107' title='bbox 627 1215 704 1256; x_wconf 87' lang='lat' dir='ltr'>hae</span> <span class='ocrx_word' id='word_1_108' title='bbox 740 1215 897 1267; x_wconf 76' lang='lat' dir='ltr'>fibrae,</span> <span class='ocrx_word' id='word_1_109' title='bbox 933 1214 974 1255; x_wconf 90' lang='lat' dir='ltr'>in</span> <span class='ocrx_word' id='word_1_110' title='bbox 1011 1215 1139 1257; x_wconf 88' lang='lat' dir='ltr'>altera</span> <span class='ocrx_word' id='word_1_111' title='bbox 1177 1216 1413 1266; x_wconf 74' lang='lat' dir='ltr'>mobilem,</span> <span class='ocrx_word' id='word_1_112' title='bbox 1461 1218 1633 1260; x_wconf 82' lang='lat' dir='ltr'>habent.</span> <span class='ocrx_word' id='word_1_113' title='bbox 1703 1221 1763 1263; x_wconf 89' lang='lat' dir='ltr'>Et</span> 
     </span>
     <span class='ocr_line' id='line_1_16' title="bbox 152 1279 1763 1340; baseline 0.005 -21"><span class='ocrx_word' id='word_1_114' title='bbox 152 1293 250 1320; x_wconf 88' lang='lat' dir='ltr'>cum</span> <span class='ocrx_word' id='word_1_115' title='bbox 287 1279 481 1320; x_wconf 76' lang='lat' dir='ltr'>fixiilima</span> <span class='ocrx_word' id='word_1_116' title='bbox 517 1292 642 1320; x_wconf 91' lang='lat' dir='ltr'>crena</span> <span class='ocrx_word' id='word_1_117' title='bbox 678 1279 750 1334; x_wconf 74' lang='lat' dir='ltr'>sit,</span> <span class='ocrx_word' id='word_1_118' title='bbox 805 1279 1010 1321; x_wconf 87' lang='lat' dir='ltr'>mobilior</span> <span class='ocrx_word' id='word_1_119' title='bbox 1062 1282 1200 1323; x_wconf 87' lang='lat' dir='ltr'>multo</span> <span class='ocrx_word' id='word_1_120' title='bbox 1251 1283 1478 1323; x_wconf 82' lang='lat' dir='ltr'>ventriculi</span> <span class='ocrx_word' id='word_1_121' title='bbox 1533 1297 1681 1340; x_wconf 86' lang='lat' dir='ltr'>margo</span> <span class='ocrx_word' id='word_1_122' title='bbox 1719 1296 1763 1327; x_wconf 89' lang='lat' dir='ltr'>et</span> 
     </span>
     <span class='ocr_line' id='line_1_17' title="bbox 151 1342 1761 1401; baseline 0.003 -16"><span class='ocrx_word' id='word_1_123' title='bbox 151 1343 273 1385; x_wconf 81' lang='lat' dir='ltr'>focus</span> <span class='ocrx_word' id='word_1_124' title='bbox 311 1343 511 1390; x_wconf 79' lang='lat' dir='ltr'>inferior3</span> <span class='ocrx_word' id='word_1_125' title='bbox 565 1342 649 1384; x_wconf 73' lang='lat' dir='ltr'>fixi</span> <span class='ocrx_word' id='word_1_126' title='bbox 686 1343 802 1384; x_wconf 89' lang='lat' dir='ltr'>sedes</span> <span class='ocrx_word' id='word_1_127' title='bbox 840 1345 883 1384; x_wconf 91' lang='lat' dir='ltr'>in</span> <span class='ocrx_word' id='word_1_128' title='bbox 919 1345 1160 1399; x_wconf 79' lang='lat' dir='ltr'>principio,</span> <span class='ocrx_word' id='word_1_129' title='bbox 1212 1347 1386 1387; x_wconf 84' lang='lat' dir='ltr'>mobilis</span> <span class='ocrx_word' id='word_1_130' title='bbox 1424 1348 1466 1387; x_wconf 87' lang='lat' dir='ltr'>in</span> <span class='ocrx_word' id='word_1_131' title='bbox 1501 1347 1614 1401; x_wconf 79' lang='lat' dir='ltr'>fine,</span> <span class='ocrx_word' id='word_1_132' title='bbox 1666 1351 1761 1391; x_wconf 81' lang='lat' dir='ltr'>erit.</span> 
     </span>
     <span class='ocr_line' id='line_1_18' title="bbox 154 1406 1762 1469; baseline 0.005 -22"><span class='ocrx_word' id='word_1_133' title='bbox 154 1408 251 1463; x_wconf 82' lang='lat' dir='ltr'>Qua</span> <span class='ocrx_word' id='word_1_134' title='bbox 295 1419 410 1462; x_wconf 80' lang='lat' dir='ltr'>parre</span> <span class='ocrx_word' id='word_1_135' title='bbox 447 1420 551 1462; x_wconf 86' lang='lat' dir='ltr'>ergo</span> <span class='ocrx_word' id='word_1_136' title='bbox 587 1406 709 1461; x_wconf 84' lang='lat' dir='ltr'>super</span> <span class='ocrx_word' id='word_1_137' title='bbox 764 1407 918 1449; x_wconf 83' lang='lat' dir='ltr'>faciem</span> <span class='ocrx_word' id='word_1_138' title='bbox 960 1411 1188 1451; x_wconf 57' lang='lat' dir='ltr'>ventriculi</span> <span class='ocrx_word' id='word_1_139' title='bbox 1242 1424 1484 1453; x_wconf 83' lang='lat' dir='ltr'>connexam</span> <span class='ocrx_word' id='word_1_140' title='bbox 1521 1413 1571 1454; x_wconf 90' lang='lat' dir='ltr'>ad</span> <span class='ocrx_word' id='word_1_141' title='bbox 1608 1416 1762 1469; x_wconf 85' lang='lat' dir='ltr'>margi-</span> 
     </span>
     <span class='ocr_line' id='line_1_19' title="bbox 152 1471 1762 1534; baseline 0.004 -21"><span class='ocrx_word' id='word_1_142' title='bbox 152 1486 250 1513; x_wconf 90' lang='lat' dir='ltr'>nem</span> <span class='ocrx_word' id='word_1_143' title='bbox 288 1472 499 1513; x_wconf 86' lang='lat' dir='ltr'>transeunt</span> <span class='ocrx_word' id='word_1_144' title='bbox 549 1471 678 1512; x_wconf 87' lang='lat' dir='ltr'>fibrae</span> <span class='ocrx_word' id='word_1_145' title='bbox 735 1473 898 1513; x_wconf 85' lang='lat' dir='ltr'>ordinis</span> <span class='ocrx_word' id='word_1_146' title='bbox 952 1474 1092 1526; x_wconf 80' lang='lat' dir='ltr'>tertii,</span> <span class='ocrx_word' id='word_1_147' title='bbox 1143 1488 1191 1516; x_wconf 86' lang='lat' dir='ltr'>ea</span> <span class='ocrx_word' id='word_1_148' title='bbox 1225 1475 1368 1516; x_wconf 69' lang='lat' dir='ltr'>versus</span> <span class='ocrx_word' id='word_1_149' title='bbox 1406 1475 1571 1531; x_wconf 82' lang='lat' dir='ltr'>septum</span> <span class='ocrx_word' id='word_1_150' title='bbox 1607 1482 1762 1534; x_wconf 85' lang='lat' dir='ltr'>margi-</span> 
     </span>
     <span class='ocr_line' id='line_1_20' title="bbox 153 1537 1761 1598; baseline 0.004 -20"><span class='ocrx_word' id='word_1_151' title='bbox 153 1550 251 1578; x_wconf 88' lang='lat' dir='ltr'>nem</span> <span class='ocrx_word' id='word_1_152' title='bbox 289 1537 531 1586; x_wconf 73' lang='lat' dir='ltr'>adducunt,</span> <span class='ocrx_word' id='word_1_153' title='bbox 566 1537 761 1591; x_wconf 83' lang='lat' dir='ltr'>adeoque</span> <span class='ocrx_word' id='word_1_154' title='bbox 798 1539 1068 1579; x_wconf 81' lang='lat' dir='ltr'>transuersim</span> <span class='ocrx_word' id='word_1_155' title='bbox 1119 1541 1408 1581; x_wconf 65' lang='lat' dir='ltr'>ventriculum</span> <span class='ocrx_word' id='word_1_156' title='bbox 1455 1543 1761 1598; x_wconf 85' lang='lat' dir='ltr'>constringunt.</span> 
     </span>
     <span class='ocr_line' id='line_1_21' title="bbox 155 1600 1761 1661; baseline 0.006 -21"><span class='ocrx_word' id='word_1_157' title='bbox 155 1602 253 1656; x_wconf 86' lang='lat' dir='ltr'>Qua</span> <span class='ocrx_word' id='word_1_158' title='bbox 290 1612 405 1654; x_wconf 82' lang='lat' dir='ltr'>parte</span> <span class='ocrx_word' id='word_1_159' title='bbox 442 1600 483 1639; x_wconf 90' lang='lat' dir='ltr'>in</span> <span class='ocrx_word' id='word_1_160' title='bbox 522 1601 708 1654; x_wconf 81' lang='lat' dir='ltr'>margine</span> <span class='ocrx_word' id='word_1_161' title='bbox 746 1603 797 1643; x_wconf 87' lang='lat' dir='ltr'>ad</span> <span class='ocrx_word' id='word_1_162' title='bbox 835 1601 980 1643; x_wconf 89' lang='lat' dir='ltr'>focum</span> <span class='ocrx_word' id='word_1_163' title='bbox 1017 1616 1152 1658; x_wconf 72' lang='lat' dir='ltr'>vsque</span> <span class='ocrx_word' id='word_1_164' title='bbox 1190 1603 1441 1646; x_wconf 86' lang='lat' dir='ltr'>inferiorem</span> <span class='ocrx_word' id='word_1_165' title='bbox 1485 1609 1761 1661; x_wconf 81' lang='lat' dir='ltr'>continuant,</span> 
     </span>
     <span class='ocr_line' id='line_1_22' title="bbox 156 1667 1762 1728; baseline 0.007 -23"><span class='ocrx_word' id='word_1_166' title='bbox 156 1667 356 1719; x_wconf 73' lang='lat' dir='ltr'>marginis</span> <span class='ocrx_word' id='word_1_167' title='bbox 396 1667 500 1705; x_wconf 71' lang='lat' dir='ltr'>lianc</span> <span class='ocrx_word' id='word_1_168' title='bbox 538 1674 702 1717; x_wconf 86' lang='lat' dir='ltr'>partem</span> <span class='ocrx_word' id='word_1_169' title='bbox 737 1669 1020 1719; x_wconf 74' lang='lat' dir='ltr'>anteriorem,</span> <span class='ocrx_word' id='word_1_170' title='bbox 1065 1668 1260 1722; x_wconf 82' lang='lat' dir='ltr'>apicique</span> <span class='ocrx_word' id='word_1_171' title='bbox 1296 1671 1573 1724; x_wconf 72' lang='lat' dir='ltr'>propiorem,</span> <span class='ocrx_word' id='word_1_172' title='bbox 1621 1676 1762 1728; x_wconf 81' lang='lat' dir='ltr'>quoad</span> 
     </span>
     <span class='ocr_line' id='line_1_23' title="bbox 155 1729 1763 1789; baseline 0.006 -19"><span class='ocrx_word' id='word_1_173' title='bbox 155 1729 258 1784; x_wconf 85' lang='lat' dir='ltr'>long</span> <span class='ocrx_word' id='word_1_174' title='bbox 281 1730 477 1770; x_wconf 84' lang='lat' dir='ltr'>tudinem</span> <span class='ocrx_word' id='word_1_175' title='bbox 528 1729 798 1770; x_wconf 82' lang='lat' dir='ltr'>contrahunt.</span> <span class='ocrx_word' id='word_1_176' title='bbox 868 1732 916 1772; x_wconf 91' lang='lat' dir='ltr'>ln</span> <span class='ocrx_word' id='word_1_177' title='bbox 954 1733 1018 1773; x_wconf 81' lang='lat' dir='ltr'>his</span> <span class='ocrx_word' id='word_1_178' title='bbox 1055 1733 1289 1774; x_wconf 52' lang='lat' dir='ltr'>actionibus</span> <span class='ocrx_word' id='word_1_179' title='bbox 1326 1748 1431 1789; x_wconf 82' lang='lat' dir='ltr'>ergo</span> <span class='ocrx_word' id='word_1_180' title='bbox 1468 1735 1623 1778; x_wconf 81' lang='lat' dir='ltr'>ssmiles</span> <span class='ocrx_word' id='word_1_181' title='bbox 1670 1738 1763 1780; x_wconf 89' lang='lat' dir='ltr'>sunt</span> 
     </span>
     <span class='ocr_line' id='line_1_24' title="bbox 155 1792 1760 1853; baseline 0.006 -18"><span class='ocrx_word' id='word_1_182' title='bbox 155 1794 272 1835; x_wconf 82' lang='lat' dir='ltr'>fibris</span> <span class='ocrx_word' id='word_1_183' title='bbox 326 1794 486 1835; x_wconf 77' lang='lat' dir='ltr'>ordinis</span> <span class='ocrx_word' id='word_1_184' title='bbox 543 1792 728 1834; x_wconf 85' lang='lat' dir='ltr'>secundi.</span> <span class='ocrx_word' id='word_1_185' title='bbox 813 1795 889 1837; x_wconf 86' lang='lat' dir='ltr'>Vti</span> <span class='ocrx_word' id='word_1_186' title='bbox 927 1797 1036 1838; x_wconf 87' lang='lat' dir='ltr'>haud</span> <span class='ocrx_word' id='word_1_187' title='bbox 1076 1808 1215 1838; x_wconf 84' lang='lat' dir='ltr'>totum</span> <span class='ocrx_word' id='word_1_188' title='bbox 1253 1800 1489 1853; x_wconf 84' lang='lat' dir='ltr'>marginem</span> <span class='ocrx_word' id='word_1_189' title='bbox 1527 1802 1577 1843; x_wconf 78' lang='lat' dir='ltr'>ad</span> <span class='ocrx_word' id='word_1_190' title='bbox 1615 1802 1760 1844; x_wconf 93' lang='lat' dir='ltr'>focum</span> 
     </span>
     <span class='ocr_line' id='line_1_25' title="bbox 155 1857 1761 1911; baseline 0.007 -14"><span class='ocrx_word' id='word_1_191' title='bbox 155 1870 290 1911; x_wconf 71' lang='lat' dir='ltr'>vsque</span> <span class='ocrx_word' id='word_1_192' title='bbox 329 1857 448 1899; x_wconf 76' lang='lat' dir='ltr'>funes</span> <span class='ocrx_word' id='word_1_193' title='bbox 488 1867 764 1911; x_wconf 78' lang='lat' dir='ltr'>percurrunt,</span> <span class='ocrx_word' id='word_1_194' title='bbox 817 1858 911 1911; x_wconf 79' lang='lat' dir='ltr'>sed,</span> <span class='ocrx_word' id='word_1_195' title='bbox 963 1863 1062 1902; x_wconf 82' lang='lat' dir='ltr'>flexi</span> <span class='ocrx_word' id='word_1_196' title='bbox 1113 1864 1214 1904; x_wconf 91' lang='lat' dir='ltr'>dum</span> <span class='ocrx_word' id='word_1_197' title='bbox 1260 1863 1472 1905; x_wconf 82' lang='lat' dir='ltr'>transcunt</span> <span class='ocrx_word' id='word_1_198' title='bbox 1506 1866 1548 1906; x_wconf 95' lang='lat' dir='ltr'>in</span> <span class='ocrx_word' id='word_1_199' title='bbox 1586 1866 1761 1909; x_wconf 86' lang='lat' dir='ltr'>inferio-</span> 
     </span>
     <span class='ocr_line' id='line_1_26' title="bbox 158 1922 1761 1984; baseline 0.006 -21"><span class='ocrx_word' id='word_1_200' title='bbox 158 1935 246 1963; x_wconf 92' lang='lat' dir='ltr'>rem</span> <span class='ocrx_word' id='word_1_201' title='bbox 285 1922 568 1976; x_wconf 78' lang='lat' dir='ltr'>superficiem,</span> <span class='ocrx_word' id='word_1_202' title='bbox 606 1922 788 1977; x_wconf 85' lang='lat' dir='ltr'>aliquam</span> <span class='ocrx_word' id='word_1_203' title='bbox 826 1925 945 1976; x_wconf 77' lang='lat' dir='ltr'>eius,</span> <span class='ocrx_word' id='word_1_204' title='bbox 980 1928 1087 1980; x_wconf 91' lang='lat' dir='ltr'>apici</span> <span class='ocrx_word' id='word_1_205' title='bbox 1126 1930 1403 1983; x_wconf 71' lang='lat' dir='ltr'>propiorem,</span> <span class='ocrx_word' id='word_1_206' title='bbox 1432 1942 1596 1984; x_wconf 82' lang='lat' dir='ltr'>partem</span> <span class='ocrx_word' id='word_1_207' title='bbox 1632 1934 1761 1973; x_wconf 64' lang='lat' dir='ltr'>relin-</span> 
     </span>
     <span class='ocr_line' id='line_1_27' title="bbox 161 1986 1756 2050; baseline 0.006 -24"><span class='ocrx_word' id='word_1_208' title='bbox 161 1997 310 2040; x_wconf 89' lang='lat' dir='ltr'>quunt.</span> <span class='ocrx_word' id='word_1_209' title='bbox 382 1987 500 2027; x_wconf 83' lang='lat' dir='ltr'>Hanc</span> <span class='ocrx_word' id='word_1_210' title='bbox 554 1986 682 2028; x_wconf 84' lang='lat' dir='ltr'>fibrae</span> <span class='ocrx_word' id='word_1_211' title='bbox 737 1989 846 2029; x_wconf 82' lang='lat' dir='ltr'>tertii</span> <span class='ocrx_word' id='word_1_212' title='bbox 901 1991 1060 2033; x_wconf 86' lang='lat' dir='ltr'>ordinis</span> <span class='ocrx_word' id='word_1_213' title='bbox 1113 1993 1186 2033; x_wconf 79' lang='lat' dir='ltr'>l&#39;uo</span> <span class='ocrx_word' id='word_1_214' title='bbox 1240 1994 1414 2036; x_wconf 86' lang='lat' dir='ltr'>decursu</span> <span class='ocrx_word' id='word_1_215' title='bbox 1460 1996 1756 2050; x_wconf 67' lang='lat' dir='ltr'>longisudinali</span> 
     </span>
     <span class='ocr_line' id='line_1_28' title="bbox 158 2052 1760 2114; baseline 0.006 -23"><span class='ocrx_word' id='word_1_216' title='bbox 158 2061 396 2105; x_wconf 76' lang='lat' dir='ltr'>occupant,</span> <span class='ocrx_word' id='word_1_217' title='bbox 448 2052 713 2106; x_wconf 83' lang='lat' dir='ltr'>eandemque</span> <span class='ocrx_word' id='word_1_218' title='bbox 765 2055 1047 2107; x_wconf 72' lang='lat' dir='ltr'>contrahunt,</span> <span class='ocrx_word' id='word_1_219' title='bbox 1101 2072 1186 2113; x_wconf 89' lang='lat' dir='ltr'>quo</span> <span class='ocrx_word' id='word_1_220' title='bbox 1240 2059 1452 2101; x_wconf 68' lang='lat' dir='ltr'>defed&#39;tum</span> <span class='ocrx_word' id='word_1_221' title='bbox 1488 2074 1594 2114; x_wconf 82' lang='lat' dir='ltr'>crgo</span> <span class='ocrx_word' id='word_1_222' title='bbox 1637 2060 1760 2101; x_wconf 79' lang='lat' dir='ltr'>fibra·</span> 
     </span>
     <span class='ocr_line' id='line_1_29' title="bbox 160 2115 1757 2180; baseline 0.006 -25"><span class='ocrx_word' id='word_1_223' title='bbox 160 2129 254 2155; x_wconf 89' lang='lat' dir='ltr'>rum</span> <span class='ocrx_word' id='word_1_224' title='bbox 292 2116 454 2155; x_wconf 71' lang='lat' dir='ltr'>ordinis</span> <span class='ocrx_word' id='word_1_225' title='bbox 493 2115 660 2157; x_wconf 82' lang='lat' dir='ltr'>secundi</span> <span class='ocrx_word' id='word_1_226' title='bbox 719 2117 926 2175; x_wconf 88' lang='lat' dir='ltr'>supplent.</span> <span class='ocrx_word' id='word_1_227' title='bbox 999 2120 1199 2169; x_wconf 82' lang='lat' dir='ltr'>Denique</span> <span class='ocrx_word' id='word_1_228' title='bbox 1234 2125 1294 2165; x_wconf 85' lang='lat' dir='ltr'>vti</span> <span class='ocrx_word' id='word_1_229' title='bbox 1331 2126 1494 2180; x_wconf 82' lang='lat' dir='ltr'>apicem</span> <span class='ocrx_word' id='word_1_230' title='bbox 1532 2124 1757 2166; x_wconf 78' lang='lat' dir='ltr'>ventriculi</span> 
     </span>
     <span class='ocr_line' id='line_1_30' title="bbox 162 2180 1756 2235; baseline 0.008 -16"><span class='ocrx_word' id='word_1_231' title='bbox 162 2180 301 2220; x_wconf 83' lang='lat' dir='ltr'>linistri</span> <span class='ocrx_word' id='word_1_232' title='bbox 343 2180 575 2235; x_wconf 87' lang='lat' dir='ltr'>socumque</span> <span class='ocrx_word' id='word_1_233' title='bbox 626 2182 872 2225; x_wconf 82' lang='lat' dir='ltr'>inferiorem</span> <span class='ocrx_word' id='word_1_234' title='bbox 926 2186 1077 2228; x_wconf 68' lang='lat' dir='ltr'>adlioni</span> <span class='ocrx_word' id='word_1_235' title='bbox 1129 2188 1329 2231; x_wconf 86' lang='lat' dir='ltr'>fibrarum</span> <span class='ocrx_word' id='word_1_236' title='bbox 1382 2187 1542 2229; x_wconf 81' lang='lat' dir='ltr'>ordinis</span> <span class='ocrx_word' id='word_1_237' title='bbox 1587 2189 1756 2231; x_wconf 77' lang='lat' dir='ltr'>secundi</span> 
     </span>
     <span class='ocr_line' id='line_1_31' title="bbox 156 2246 1760 2308; baseline 0.006 -21"><span class='ocrx_word' id='word_1_238' title='bbox 156 2246 378 2301; x_wconf 62' lang='lat' dir='ltr'>paulisper</span> <span class='ocrx_word' id='word_1_239' title='bbox 433 2247 586 2288; x_wconf 84' lang='lat' dir='ltr'>cedere</span> <span class='ocrx_word' id='word_1_240' title='bbox 633 2246 677 2290; x_wconf 85' lang='lat' dir='ltr'>iu</span> <span class='ocrx_word' id='word_1_241' title='bbox 711 2246 997 2306; x_wconf 87' lang='lat' dir='ltr'>superioribus</span> <span class='ocrx_word' id='word_1_242' title='bbox 1043 2253 1256 2308; x_wconf 74' lang='lat' dir='ltr'>vidimus,</span> <span class='ocrx_word' id='word_1_243' title='bbox 1307 2265 1394 2306; x_wconf 88' lang='lat' dir='ltr'>quo</span> <span class='ocrx_word' id='word_1_244' title='bbox 1443 2250 1760 2308; x_wconf 78' lang='lat' dir='ltr'>longitudinem</span> 
     </span>
    </p>

    <p class='ocr_par' dir='ltr' id='par_1_5' title="bbox 933 2316 1758 2361">
     <span class='ocr_line' id='line_1_32' title="bbox 933 2316 1758 2361; baseline 0.005 -4"><span class='ocrx_word' id='word_1_245' title='bbox 933 2316 975 2357; x_wconf 89' lang='lat' dir='ltr'>H</span> <span class='ocrx_word' id='word_1_246' title='bbox 997 2317 1023 2359; x_wconf 87' lang='lat' dir='ltr'>h</span> <span class='ocrx_word' id='word_1_247' title='bbox 1065 2331 1089 2356; x_wconf 91' lang='lat'>2</span> <span class='ocrx_word' id='word_1_248' title='bbox 1679 2320 1758 2361; x_wconf 80' lang='lat' dir='ltr'>hae</span> 
     </span>
    </p>
   </div>
  </div>
 </body>
</html>
