<?xml version="1.0" encoding="UTF-8"?>
<!DOCTYPE html PUBLIC "-//W3C//DTD XHTML 1.0 Transitional//EN"
    "http://www.w3.org/TR/xhtml1/DTD/xhtml1-transitional.dtd">
<html xmlns="http://www.w3.org/1999/xhtml" xml:lang="en" lang="en">
 <head>
  <title>
</title>
<meta http-equiv="Content-Type" content="text/html;charset=utf-8" />
  <meta name='ocr-system' content='tesseract 3.04.00' />
  <meta name='ocr-capabilities' content='ocr_page ocr_carea ocr_par ocr_line ocrx_word'/>
</head>
<body>
  <div class='ocr_page' id='page_1' title='image "./novaactaacademia01impe_0623.png"; bbox 0 0 2007 2677; ppageno 0'>
   <div class='ocr_carea' id='block_1_1' title="bbox 677 179 1206 236">
    <p class='ocr_par' dir='ltr' id='par_1_1' title="bbox 677 179 1206 236">
     <span class='ocr_line' id='line_1_1' title="bbox 677 179 1206 236; baseline -0.002 0"><span class='ocrx_word' id='word_1_1' title='bbox 677 199 829 227; x_wconf 82' lang='lat'><em>=</em></span> <span class='ocrx_word' id='word_1_2' title='bbox 864 179 1020 236; x_wconf 73' lang='lat' dir='ltr'>(aaa)</span> <span class='ocrx_word' id='word_1_3' title='bbox 1054 198 1206 224; x_wconf 85' lang='lat'>==</span> 
     </span>
    </p>
   </div>
   <div class='ocr_carea' id='block_1_2' title="bbox 138 292 1748 417">
    <p class='ocr_par' dir='ltr' id='par_1_2' title="bbox 138 292 1748 417">
     <span class='ocr_line' id='line_1_2' title="bbox 334 292 1748 358; baseline -0.008 -14"><span class='ocrx_word' id='word_1_4' title='bbox 334 299 532 358; x_wconf 85' lang='lat' dir='ltr'>Quatuor</span> <span class='ocrx_word' id='word_1_5' title='bbox 564 296 713 340; x_wconf 76' lang='lat' dir='ltr'>vnciae</span> <span class='ocrx_word' id='word_1_6' title='bbox 748 295 909 356; x_wconf 68' lang='lat' dir='ltr'>rasurae</span> <span class='ocrx_word' id='word_1_7' title='bbox 946 296 1066 350; x_wconf 84' lang='lat' dir='ltr'>cupri</span> <span class='ocrx_word' id='word_1_8' title='bbox 1118 308 1217 337; x_wconf 90' lang='lat' dir='ltr'>cum</span> <span class='ocrx_word' id='word_1_9' title='bbox 1262 294 1423 335; x_wconf 89' lang='lat' dir='ltr'>duabus</span> <span class='ocrx_word' id='word_1_10' title='bbox 1458 294 1594 337; x_wconf 83' lang='lat' dir='ltr'>vnciis</span> <span class='ocrx_word' id='word_1_11' title='bbox 1631 292 1748 340; x_wconf 80' lang='lat' dir='ltr'>Sala·</span> 
     </span>
     <span class='ocr_line' id='line_1_3' title="bbox 138 359 1609 417; baseline -0.007 -5"><span class='ocrx_word' id='word_1_12' title='bbox 138 366 216 414; x_wconf 73' lang='lat' dir='ltr'>rici</span> <span class='ocrx_word' id='word_1_13' title='bbox 261 367 472 410; x_wconf 85' lang='lat' dir='ltr'>dederunt</span> <span class='ocrx_word' id='word_1_14' title='bbox 505 365 648 408; x_wconf 82' lang='lat' dir='ltr'>vncias</span> <span class='ocrx_word' id='word_1_15' title='bbox 688 371 770 404; x_wconf 86' lang='lat' dir='ltr'>tres</span> <span class='ocrx_word' id='word_1_16' title='bbox 806 371 850 403; x_wconf 83' lang='lat' dir='ltr'>et</span> <span class='ocrx_word' id='word_1_17' title='bbox 884 360 1045 417; x_wconf 86' lang='lat' dir='ltr'>septem</span> <span class='ocrx_word' id='word_1_18' title='bbox 1082 362 1302 403; x_wconf 83' lang='lat' dir='ltr'>drachmas</span> <span class='ocrx_word' id='word_1_19' title='bbox 1340 359 1460 414; x_wconf 89' lang='lat' dir='ltr'>cupri</span> <span class='ocrx_word' id='word_1_20' title='bbox 1494 359 1609 414; x_wconf 90' lang='lat' dir='ltr'>puri.</span> 
     </span>
    </p>
   </div>
   <div class='ocr_carea' id='block_1_3' title="bbox 140 488 1751 679">
    <p class='ocr_par' dir='ltr' id='par_1_3' title="bbox 140 488 1751 679">
     <span class='ocr_line' id='line_1_4' title="bbox 334 488 1749 547; baseline -0.006 -10"><span class='ocrx_word' id='word_1_21' title='bbox 334 497 577 537; x_wconf 79' lang='lat' dir='ltr'>limaturae</span> <span class='ocrx_word' id='word_1_22' title='bbox 613 491 842 534; x_wconf 80' lang='lat' dir='ltr'>aurichalci</span> <span class='ocrx_word' id='word_1_23' title='bbox 879 492 1070 547; x_wconf 86' lang='lat' dir='ltr'>impurae</span> <span class='ocrx_word' id='word_1_24' title='bbox 1117 491 1266 542; x_wconf 83' lang='lat' dir='ltr'>vncia‚</span> <span class='ocrx_word' id='word_1_25' title='bbox 1302 502 1401 532; x_wconf 89' lang='lat' dir='ltr'>cum</span> <span class='ocrx_word' id='word_1_26' title='bbox 1438 488 1653 531; x_wconf 86' lang='lat' dir='ltr'>semuncia</span> <span class='ocrx_word' id='word_1_27' title='bbox 1688 488 1749 530; x_wconf 83' lang='lat' dir='ltr'>sa·</span> 
     </span>
     <span class='ocr_line' id='line_1_5' title="bbox 141 547 1751 611; baseline -0.006 -5"><span class='ocrx_word' id='word_1_28' title='bbox 141 564 192 607; x_wconf 86' lang='lat' dir='ltr'>lis</span> <span class='ocrx_word' id='word_1_29' title='bbox 229 560 401 602; x_wconf 79' lang='lat' dir='ltr'>sufibilis</span> <span class='ocrx_word' id='word_1_30' title='bbox 439 573 537 599; x_wconf 87' lang='lat' dir='ltr'>cum</span> <span class='ocrx_word' id='word_1_31' title='bbox 573 558 691 598; x_wconf 76' lang='lat' dir='ltr'>vrina</span> <span class='ocrx_word' id='word_1_32' title='bbox 726 547 856 611; x_wconf 83' lang='lat' dir='ltr'>parati</span> <span class='ocrx_word' id='word_1_33' title='bbox 894 557 1038 611; x_wconf 85' lang='lat' dir='ltr'>(Exp.</span> <span class='ocrx_word' id='word_1_34' title='bbox 1061 556 1126 610; x_wconf 87' lang='lat'>7.)</span> <span class='ocrx_word' id='word_1_35' title='bbox 1164 556 1385 597; x_wconf 79' lang='lat' dir='ltr'>drachmas</span> <span class='ocrx_word' id='word_1_36' title='bbox 1423 554 1613 609; x_wconf 86' lang='lat' dir='ltr'>quinque</span> <span class='ocrx_word' id='word_1_37' title='bbox 1650 566 1751 596; x_wconf 86' lang='lat' dir='ltr'>cum</span> 
     </span>
     <span class='ocr_line' id='line_1_6' title="bbox 140 621 961 679; baseline -0.007 -11"><span class='ocrx_word' id='word_1_38' title='bbox 140 625 315 669; x_wconf 86' lang='lat' dir='ltr'>dimidia</span> <span class='ocrx_word' id='word_1_39' title='bbox 348 625 445 679; x_wconf 87' lang='lat' dir='ltr'>puri</span> <span class='ocrx_word' id='word_1_40' title='bbox 481 622 711 664; x_wconf 73' lang='lat' dir='ltr'>aurichalci</span> <span class='ocrx_word' id='word_1_41' title='bbox 745 621 961 677; x_wconf 85' lang='lat' dir='ltr'>praebuit.</span> 
     </span>
    </p>
   </div>
   <div class='ocr_carea' id='block_1_4' title="bbox 137 749 1755 937">
    <p class='ocr_par' dir='ltr' id='par_1_4' title="bbox 137 749 1755 937">
     <span class='ocr_line' id='line_1_7' title="bbox 332 749 1751 802; baseline -0.004 -8"><span class='ocrx_word' id='word_1_42' title='bbox 332 753 473 795; x_wconf 91' lang='lat' dir='ltr'>Vncia</span> <span class='ocrx_word' id='word_1_43' title='bbox 513 751 731 791; x_wconf 88' lang='lat' dir='ltr'>limaturae</span> <span class='ocrx_word' id='word_1_44' title='bbox 769 749 997 790; x_wconf 82' lang='lat' dir='ltr'>aurichalci</span> <span class='ocrx_word' id='word_1_45' title='bbox 1034 749 1252 802; x_wconf 77' lang='lat' dir='ltr'>impurae,</span> <span class='ocrx_word' id='word_1_46' title='bbox 1289 761 1389 789; x_wconf 92' lang='lat' dir='ltr'>cum</span> <span class='ocrx_word' id='word_1_47' title='bbox 1426 749 1587 790; x_wconf 87' lang='lat' dir='ltr'>anatica</span> <span class='ocrx_word' id='word_1_48' title='bbox 1617 760 1751 801; x_wconf 86' lang='lat' dir='ltr'>quan·</span> 
     </span>
     <span class='ocr_line' id='line_1_8' title="bbox 137 812 1755 869; baseline -0.004 -9"><span class='ocrx_word' id='word_1_49' title='bbox 137 819 257 861; x_wconf 82' lang='lat' dir='ltr'>titate</span> <span class='ocrx_word' id='word_1_50' title='bbox 295 817 401 862; x_wconf 88' lang='lat' dir='ltr'>Salis</span> <span class='ocrx_word' id='word_1_51' title='bbox 455 815 629 856; x_wconf 77' lang='lat' dir='ltr'>fusibilis</span> <span class='ocrx_word' id='word_1_52' title='bbox 682 814 1001 869; x_wconf 83' lang='lat' dir='ltr'>saponariorum</span> <span class='ocrx_word' id='word_1_53' title='bbox 1037 812 1182 866; x_wconf 85' lang='lat' dir='ltr'>(Exp.</span> <span class='ocrx_word' id='word_1_54' title='bbox 1225 812 1316 865; x_wconf 80' lang='lat'>8.)‚</span> <span class='ocrx_word' id='word_1_55' title='bbox 1369 812 1596 854; x_wconf 89' lang='lat' dir='ltr'>crucibulo</span> <span class='ocrx_word' id='word_1_56' title='bbox 1633 825 1755 853; x_wconf 88' lang='lat' dir='ltr'>com·</span> 
     </span>
     <span class='ocr_line' id='line_1_9' title="bbox 139 876 1498 937; baseline -0.008 -10"><span class='ocrx_word' id='word_1_57' title='bbox 139 884 282 937; x_wconf 82' lang='lat' dir='ltr'>miffa,</span> <span class='ocrx_word' id='word_1_58' title='bbox 319 881 541 924; x_wconf 82' lang='lat' dir='ltr'>drachmas</span> <span class='ocrx_word' id='word_1_59' title='bbox 578 879 650 920; x_wconf 84' lang='lat' dir='ltr'>sex</span> <span class='ocrx_word' id='word_1_60' title='bbox 684 888 728 918; x_wconf 89' lang='lat' dir='ltr'>et</span> <span class='ocrx_word' id='word_1_61' title='bbox 763 878 984 919; x_wconf 84' lang='lat' dir='ltr'>dimidiam</span> <span class='ocrx_word' id='word_1_62' title='bbox 1019 877 1181 918; x_wconf 89' lang='lat' dir='ltr'>metalli</span> <span class='ocrx_word' id='word_1_63' title='bbox 1216 877 1312 931; x_wconf 90' lang='lat' dir='ltr'>puri</span> <span class='ocrx_word' id='word_1_64' title='bbox 1348 876 1498 918; x_wconf 88' lang='lat' dir='ltr'>edidit.</span> 
     </span>
    </p>
   </div>
   <div class='ocr_carea' id='block_1_5' title="bbox 139 1003 1750 1130">
    <p class='ocr_par' dir='ltr' id='par_1_5' title="bbox 139 1003 1750 1130">
     <span class='ocr_line' id='line_1_10' title="bbox 333 1003 1750 1059; baseline -0.004 -9"><span class='ocrx_word' id='word_1_65' title='bbox 333 1009 476 1052; x_wconf 87' lang='lat' dir='ltr'>Vncia</span> <span class='ocrx_word' id='word_1_66' title='bbox 519 1008 739 1048; x_wconf 88' lang='lat' dir='ltr'>limaturae</span> <span class='ocrx_word' id='word_1_67' title='bbox 791 1006 934 1047; x_wconf 87' lang='lat' dir='ltr'>fimilis</span> <span class='ocrx_word' id='word_1_68' title='bbox 988 1018 1086 1046; x_wconf 89' lang='lat' dir='ltr'>cum</span> <span class='ocrx_word' id='word_1_69' title='bbox 1139 1003 1327 1045; x_wconf 85' lang='lat' dir='ltr'>semunia</span> <span class='ocrx_word' id='word_1_70' title='bbox 1381 1003 1502 1045; x_wconf 87' lang='lat' dir='ltr'>alcali</span> <span class='ocrx_word' id='word_1_71' title='bbox 1557 1003 1750 1059; x_wconf 81' lang='lat' dir='ltr'>deputati</span> 
     </span>
     <span class='ocr_line' id='line_1_11' title="bbox 139 1069 1412 1130; baseline -0.008 -12"><span class='ocrx_word' id='word_1_72' title='bbox 139 1074 251 1130; x_wconf 81' lang='lat' dir='ltr'>susa,</span> <span class='ocrx_word' id='word_1_73' title='bbox 289 1084 453 1116; x_wconf 88' lang='lat' dir='ltr'>tantum</span> <span class='ocrx_word' id='word_1_74' title='bbox 491 1073 678 1127; x_wconf 87' lang='lat' dir='ltr'>quinque</span> <span class='ocrx_word' id='word_1_75' title='bbox 716 1072 936 1113; x_wconf 85' lang='lat' dir='ltr'>drachmas</span> <span class='ocrx_word' id='word_1_76' title='bbox 972 1069 1067 1125; x_wconf 91' lang='lat' dir='ltr'>puri</span> <span class='ocrx_word' id='word_1_77' title='bbox 1102 1069 1242 1123; x_wconf 85' lang='lat' dir='ltr'>reguli</span> <span class='ocrx_word' id='word_1_78' title='bbox 1279 1069 1412 1110; x_wconf 86' lang='lat' dir='ltr'>dedit.</span> 
     </span>
    </p>
   </div>
   <div class='ocr_carea' id='block_1_6' title="bbox 139 1193 1751 1325">
    <p class='ocr_par' dir='ltr' id='par_1_6' title="bbox 139 1193 1751 1325">
     <span class='ocr_line' id='line_1_12' title="bbox 333 1193 1751 1244; baseline -0.006 -1"><span class='ocrx_word' id='word_1_79' title='bbox 333 1201 476 1244; x_wconf 87' lang='lat' dir='ltr'>Vncia</span> <span class='ocrx_word' id='word_1_80' title='bbox 535 1200 729 1242; x_wconf 89' lang='lat' dir='ltr'>eiusdem</span> <span class='ocrx_word' id='word_1_81' title='bbox 794 1199 1014 1241; x_wconf 87' lang='lat' dir='ltr'>limaturae</span> <span class='ocrx_word' id='word_1_82' title='bbox 1070 1210 1169 1239; x_wconf 90' lang='lat' dir='ltr'>cum</span> <span class='ocrx_word' id='word_1_83' title='bbox 1220 1197 1345 1239; x_wconf 81' lang='lat' dir='ltr'>vncia</span> <span class='ocrx_word' id='word_1_84' title='bbox 1398 1195 1570 1238; x_wconf 87' lang='lat' dir='ltr'>Salarici</span> <span class='ocrx_word' id='word_1_85' title='bbox 1623 1193 1751 1236; x_wconf 86' lang='lat' dir='ltr'>nostri</span> 
     </span>
     <span class='ocr_line' id='line_1_13' title="bbox 139 1261 1561 1325; baseline -0.006 -15"><span class='ocrx_word' id='word_1_86' title='bbox 139 1265 279 1325; x_wconf 84' lang='lat' dir='ltr'>(Exp.</span> <span class='ocrx_word' id='word_1_87' title='bbox 321 1267 416 1321; x_wconf 85' lang='lat'>10.)</span> <span class='ocrx_word' id='word_1_88' title='bbox 454 1265 571 1307; x_wconf 91' lang='lat' dir='ltr'>dedit</span> <span class='ocrx_word' id='word_1_89' title='bbox 605 1265 935 1307; x_wconf 87' lang='lat' dir='ltr'>sex-drachmas</span> <span class='ocrx_word' id='word_1_90' title='bbox 973 1274 1016 1305; x_wconf 90' lang='lat' dir='ltr'>et</span> <span class='ocrx_word' id='word_1_91' title='bbox 1050 1262 1272 1305; x_wconf 86' lang='lat' dir='ltr'>dimidiam</span> <span class='ocrx_word' id='word_1_92' title='bbox 1317 1261 1561 1303; x_wconf 83' lang='lat' dir='ltr'>aurichalci.</span> 
     </span>
    </p>
   </div>
   <div class='ocr_carea' id='block_1_7' title="bbox 139 1388 1753 1709">
    <p class='ocr_par' dir='ltr' id='par_1_7' title="bbox 139 1388 1753 1709">
     <span class='ocr_line' id='line_1_14' title="bbox 333 1388 1751 1436; baseline -0.005 -1"><span class='ocrx_word' id='word_1_93' title='bbox 333 1394 475 1436; x_wconf 85' lang='lat' dir='ltr'>Vncia</span> <span class='ocrx_word' id='word_1_94' title='bbox 509 1394 750 1435; x_wconf 76' lang='lat' dir='ltr'>‘limaturae</span> <span class='ocrx_word' id='word_1_95' title='bbox 801 1393 947 1434; x_wconf 80' lang='lat' dir='ltr'>similis</span> <span class='ocrx_word' id='word_1_96' title='bbox 995 1406 1093 1434; x_wconf 89' lang='lat' dir='ltr'>cum</span> <span class='ocrx_word' id='word_1_97' title='bbox 1128 1393 1253 1433; x_wconf 78' lang='lat' dir='ltr'>vncia</span> <span class='ocrx_word' id='word_1_98' title='bbox 1296 1390 1526 1432; x_wconf 88' lang='lat' dir='ltr'>scoriarum</span> <span class='ocrx_word' id='word_1_99' title='bbox 1579 1388 1751 1431; x_wconf 90' lang='lat' dir='ltr'>Salarici</span> 
     </span>
     <span class='ocr_line' id='line_1_15' title="bbox 139 1453 1753 1515; baseline -0.006 -13"><span class='ocrx_word' id='word_1_100' title='bbox 139 1459 403 1502; x_wconf 85' lang='lat' dir='ltr'>Moscuenfis</span> <span class='ocrx_word' id='word_1_101' title='bbox 439 1474 461 1500; x_wconf 88' lang='lat' dir='ltr'>a</span> <span class='ocrx_word' id='word_1_102' title='bbox 498 1459 711 1515; x_wconf 79' lang='lat' dir='ltr'>prioribus</span> <span class='ocrx_word' id='word_1_103' title='bbox 750 1457 984 1499; x_wconf 83' lang='lat' dir='ltr'>fusionibus</span> <span class='ocrx_word' id='word_1_104' title='bbox 1021 1457 1288 1507; x_wconf 56' lang='lat' dir='ltr'>reIiCstrrum,</span> <span class='ocrx_word' id='word_1_105' title='bbox 1344 1454 1415 1496; x_wconf 90' lang='lat' dir='ltr'>sex</span> <span class='ocrx_word' id='word_1_106' title='bbox 1459 1453 1616 1510; x_wconf 85' lang='lat' dir='ltr'>pariter</span> <span class='ocrx_word' id='word_1_107' title='bbox 1653 1466 1753 1494; x_wconf 90' lang='lat' dir='ltr'>cum</span> 
     </span>
     <span class='ocr_line' id='line_1_16' title="bbox 142 1519 1750 1574; baseline -0.004 -8"><span class='ocrx_word' id='word_1_108' title='bbox 142 1525 318 1567; x_wconf 84' lang='lat' dir='ltr'>dimidia</span> <span class='ocrx_word' id='word_1_109' title='bbox 354 1524 574 1566; x_wconf 88' lang='lat' dir='ltr'>drachmas</span> <span class='ocrx_word' id='word_1_110' title='bbox 612 1525 744 1565; x_wconf 88' lang='lat' dir='ltr'>dedit.</span> <span class='ocrx_word' id='word_1_111' title='bbox 816 1523 988 1565; x_wconf 88' lang='lat' dir='ltr'>Scoriae</span> <span class='ocrx_word' id='word_1_112' title='bbox 1035 1531 1176 1563; x_wconf 85' lang='lat' dir='ltr'>autem</span> <span class='ocrx_word' id='word_1_113' title='bbox 1229 1520 1438 1574; x_wconf 85' lang='lat' dir='ltr'>nigriores</span> <span class='ocrx_word' id='word_1_114' title='bbox 1477 1519 1750 1560; x_wconf 86' lang='lat' dir='ltr'>emerserunt.</span> 
     </span>
     <span class='ocr_line' id='line_1_17' title="bbox 141 1583 1748 1646; baseline -0.006 -13"><span class='ocrx_word' id='word_1_115' title='bbox 141 1588 282 1633; x_wconf 85' lang='lat' dir='ltr'>Simili</span> <span class='ocrx_word' id='word_1_116' title='bbox 335 1588 482 1632; x_wconf 86' lang='lat' dir='ltr'>officio</span> <span class='ocrx_word' id='word_1_117' title='bbox 530 1602 651 1646; x_wconf 87' lang='lat' dir='ltr'>pares</span> <span class='ocrx_word' id='word_1_118' title='bbox 697 1588 814 1630; x_wconf 86' lang='lat' dir='ltr'>fuere</span> <span class='ocrx_word' id='word_1_119' title='bbox 869 1587 1027 1628; x_wconf 84' lang='lat' dir='ltr'>scoriae</span> <span class='ocrx_word' id='word_1_120' title='bbox 1065 1585 1237 1628; x_wconf 83' lang='lat' dir='ltr'>Salarici</span> <span class='ocrx_word' id='word_1_121' title='bbox 1273 1599 1294 1627; x_wconf 87' lang='lat' dir='ltr'>a</span> <span class='ocrx_word' id='word_1_122' title='bbox 1330 1597 1399 1625; x_wconf 83' lang='lat' dir='ltr'>mc</span> <span class='ocrx_word' id='word_1_123' title='bbox 1434 1584 1565 1639; x_wconf 86' lang='lat' dir='ltr'>parati</span> <span class='ocrx_word' id='word_1_124' title='bbox 1602 1583 1748 1638; x_wconf 71' lang='lat' dir='ltr'>(Exp-</span> 
     </span>
     <span class='ocr_line' id='line_1_18' title="bbox 146 1656 241 1709; baseline -0.021 -13"><span class='ocrx_word' id='word_1_125' title='bbox 146 1656 241 1709; x_wconf 86' lang='lat'>10.)</span> 
     </span>
    </p>
   </div>
   <div class='ocr_carea' id='block_1_8' title="bbox 688 1726 1185 1791">
    <p class='ocr_par' dir='ltr' id='par_1_8' title="bbox 688 1726 1185 1791">
     <span class='ocr_line' id='line_1_19' title="bbox 688 1726 1185 1791; baseline -0.002 -15"><span class='ocrx_word' id='word_1_126' title='bbox 688 1726 1093 1791; x_wconf 83' lang='lat' dir='ltr'>Experimentum</span> <span class='ocrx_word' id='word_1_127' title='bbox 1129 1737 1185 1786; x_wconf 83' lang='lat'>13.</span> 
     </span>
    </p>
   </div>
   <div class='ocr_carea' id='block_1_9' title="bbox 145 1811 1757 2315">
    <p class='ocr_par' dir='ltr' id='par_1_9' title="bbox 145 1811 1757 2315">
     <span class='ocr_line' id='line_1_20' title="bbox 336 1811 1750 1873; baseline -0.005 -14"><span class='ocrx_word' id='word_1_128' title='bbox 336 1819 371 1873; x_wconf 59' lang='grc' dir='ltr'>ξ.</span> <span class='ocrx_word' id='word_1_129' title='bbox 407 1833 477 1872; x_wconf 81' lang='lat'>17.</span> <span class='ocrx_word' id='word_1_130' title='bbox 524 1819 692 1862; x_wconf 86' lang='lat' dir='ltr'>Scorias</span> <span class='ocrx_word' id='word_1_131' title='bbox 715 1819 911 1862; x_wconf 68' lang='lat' dir='ltr'>collec‘tas</span> <span class='ocrx_word' id='word_1_132' title='bbox 941 1833 996 1861; x_wconf 82' lang='lat' dir='ltr'>ex</span> <span class='ocrx_word' id='word_1_133' title='bbox 1024 1816 1256 1859; x_wconf 66' lang='lat' dir='ltr'>fufionibm</span> <span class='ocrx_word' id='word_1_134' title='bbox 1295 1827 1393 1856; x_wconf 90' lang='lat' dir='ltr'>cnm</span> <span class='ocrx_word' id='word_1_135' title='bbox 1415 1812 1604 1855; x_wconf 84' lang='lat' dir='ltr'>Salarico</span> <span class='ocrx_word' id='word_1_136' title='bbox 1623 1811 1750 1853; x_wconf 83' lang='lat' dir='ltr'>Mos-</span> 
     </span>
     <span class='ocr_line' id='line_1_21' title="bbox 147 1876 1752 1939; baseline -0.004 -17"><span class='ocrx_word' id='word_1_137' title='bbox 147 1882 284 1923; x_wconf 78' lang='lat' dir='ltr'>cuensi</span> <span class='ocrx_word' id='word_1_138' title='bbox 330 1885 524 1926; x_wconf 84' lang='lat' dir='ltr'>institutis</span> <span class='ocrx_word' id='word_1_139' title='bbox 563 1899 669 1939; x_wconf 87' lang='lat' dir='ltr'>aqua</span> <span class='ocrx_word' id='word_1_140' title='bbox 707 1884 813 1924; x_wconf 82' lang='lat' dir='ltr'>solui</span> <span class='ocrx_word' id='word_1_141' title='bbox 850 1886 1007 1927; x_wconf 89' lang='lat' dir='ltr'>curaui.</span> <span class='ocrx_word' id='word_1_142' title='bbox 1079 1881 1363 1923; x_wconf 56' lang='lat' dir='ltr'>Trans-colata</span> <span class='ocrx_word' id='word_1_143' title='bbox 1414 1879 1570 1919; x_wconf 83' lang='lat' dir='ltr'>solutio</span> <span class='ocrx_word' id='word_1_144' title='bbox 1606 1878 1648 1917; x_wconf 91' lang='lat' dir='ltr'>in</span> <span class='ocrx_word' id='word_1_145' title='bbox 1686 1876 1752 1917; x_wconf 89' lang='lat' dir='ltr'>fil·</span> 
     </span>
     <span class='ocr_line' id='line_1_22' title="bbox 145 1942 1754 2003; baseline -0.004 -15"><span class='ocrx_word' id='word_1_146' title='bbox 145 1957 213 1988; x_wconf 85' lang='lat' dir='ltr'>tro</span> <span class='ocrx_word' id='word_1_147' title='bbox 250 1949 420 2003; x_wconf 88' lang='lat' dir='ltr'>reliquit</span> <span class='ocrx_word' id='word_1_148' title='bbox 473 1951 610 1991; x_wconf 87' lang='lat' dir='ltr'>lutum</span> <span class='ocrx_word' id='word_1_149' title='bbox 664 1949 890 1990; x_wconf 84' lang='lat' dir='ltr'>foetidum.</span> <span class='ocrx_word' id='word_1_150' title='bbox 981 1948 1144 2002; x_wconf 77' lang='lat' dir='ltr'>Liquor</span> <span class='ocrx_word' id='word_1_151' title='bbox 1196 1946 1401 2000; x_wconf 87' lang='lat' dir='ltr'>limpidus</span> <span class='ocrx_word' id='word_1_152' title='bbox 1447 1942 1754 1998; x_wconf 82' lang='lat' dir='ltr'>euaporatione</span> 
     </span>
     <span class='ocr_line' id='line_1_23' title="bbox 147 2008 1754 2069; baseline -0.004 -17"><span class='ocrx_word' id='word_1_153' title='bbox 147 2013 265 2052; x_wconf 85' lang='lat' dir='ltr'>dedit</span> <span class='ocrx_word' id='word_1_154' title='bbox 286 2012 410 2054; x_wconf 82' lang='lat' dir='ltr'>salem</span> <span class='ocrx_word' id='word_1_155' title='bbox 438 2014 622 2068; x_wconf 83' lang='lat' dir='ltr'>flauum,</span> <span class='ocrx_word' id='word_1_156' title='bbox 658 2015 903 2069; x_wconf 58' lang='lat' dir='ltr'>puriorcm‚</span> <span class='ocrx_word' id='word_1_157' title='bbox 940 2013 1166 2065; x_wconf 81' lang='lat' dir='ltr'>minusque</span> <span class='ocrx_word' id='word_1_158' title='bbox 1205 2008 1591 2067; x_wconf 81' lang='lat' dir='ltr'>pinguedinosum‚</span> <span class='ocrx_word' id='word_1_159' title='bbox 1627 2018 1754 2058; x_wconf 85' lang='lat' dir='ltr'>quam</span> 
     </span>
     <span class='ocr_line' id='line_1_24' title="bbox 145 2071 1754 2131; baseline -0.005 -13"><span class='ocrx_word' id='word_1_160' title='bbox 145 2076 364 2118; x_wconf 84' lang='lat' dir='ltr'>salaricum</span> <span class='ocrx_word' id='word_1_161' title='bbox 403 2081 606 2131; x_wconf 79' lang='lat' dir='ltr'>crudum,</span> <span class='ocrx_word' id='word_1_162' title='bbox 645 2081 710 2120; x_wconf 88' lang='lat' dir='ltr'>cui</span> <span class='ocrx_word' id='word_1_163' title='bbox 748 2080 846 2120; x_wconf 86' lang='lat' dir='ltr'>alias</span> <span class='ocrx_word' id='word_1_164' title='bbox 883 2090 972 2120; x_wconf 88' lang='lat' dir='ltr'>erat</span> <span class='ocrx_word' id='word_1_165' title='bbox 1008 2078 1259 2118; x_wconf 84' lang='lat' dir='ltr'>simillimus.</span> <span class='ocrx_word' id='word_1_166' title='bbox 1335 2074 1427 2115; x_wconf 82' lang='lat' dir='ltr'>Pari</span> <span class='ocrx_word' id='word_1_167' title='bbox 1477 2071 1754 2124; x_wconf 85' lang='lat' dir='ltr'>depuratione</span> 
     </span>
     <span class='ocr_line' id='line_1_25' title="bbox 148 2135 1757 2198; baseline -0.002 -15"><span class='ocrx_word' id='word_1_168' title='bbox 148 2141 320 2183; x_wconf 83' lang='lat' dir='ltr'>Scoriac</span> <span class='ocrx_word' id='word_1_169' title='bbox 359 2143 511 2185; x_wconf 88' lang='lat' dir='ltr'>salarici</span> <span class='ocrx_word' id='word_1_170' title='bbox 550 2159 570 2186; x_wconf 89' lang='lat' dir='ltr'>a</span> <span class='ocrx_word' id='word_1_171' title='bbox 608 2159 674 2186; x_wconf 87' lang='lat' dir='ltr'>me</span> <span class='ocrx_word' id='word_1_172' title='bbox 729 2146 858 2198; x_wconf 80' lang='lat' dir='ltr'>parati</span> <span class='ocrx_word' id='word_1_173' title='bbox 914 2143 1059 2198; x_wconf 80' lang='lat' dir='ltr'>(Exp.</span> <span class='ocrx_word' id='word_1_174' title='bbox 1102 2143 1196 2194; x_wconf 88' lang='lat'>10.)</span> <span class='ocrx_word' id='word_1_175' title='bbox 1250 2141 1378 2182; x_wconf 76' lang='lat' dir='ltr'>salem</span> <span class='ocrx_word' id='word_1_176' title='bbox 1427 2135 1644 2190; x_wconf 70' lang='lat' dir='ltr'>pul&#39;iOrel&#39;ss</span> <span class='ocrx_word' id='word_1_177' title='bbox 1681 2135 1757 2174; x_wconf 74' lang='lat' dir='ltr'>de·</span> 
     </span>
     <span class='ocr_line' id='line_1_26' title="bbox 148 2199 1756 2264; baseline -0.001 -20"><span class='ocrx_word' id='word_1_178' title='bbox 148 2206 328 2256; x_wconf 77' lang='lat' dir='ltr'>derunt,</span> <span class='ocrx_word' id='word_1_179' title='bbox 382 2209 453 2263; x_wconf 87' lang='lat' dir='ltr'>qui</span> <span class='ocrx_word' id='word_1_180' title='bbox 489 2222 620 2264; x_wconf 87' lang='lat' dir='ltr'>aeque</span> <span class='ocrx_word' id='word_1_181' title='bbox 656 2209 808 2253; x_wconf 79' lang='lat' dir='ltr'>efficax</span> <span class='ocrx_word' id='word_1_182' title='bbox 844 2209 923 2252; x_wconf 84' lang='lat' dir='ltr'>suit</span> <span class='ocrx_word' id='word_1_183' title='bbox 959 2209 1010 2251; x_wconf 86' lang='lat' dir='ltr'>ad</span> <span class='ocrx_word' id='word_1_184' title='bbox 1047 2206 1295 2249; x_wconf 76' lang='lat' dir='ltr'>vlteriorem</span> <span class='ocrx_word' id='word_1_185' title='bbox 1336 2201 1454 2243; x_wconf 80' lang='lat' dir='ltr'>vsum</span> <span class='ocrx_word' id='word_1_186' title='bbox 1490 2212 1536 2242; x_wconf 84' lang='lat' dir='ltr'>ac</span> <span class='ocrx_word' id='word_1_187' title='bbox 1573 2199 1756 2241; x_wconf 89' lang='lat' dir='ltr'>crudum</span> 
     </span>
     <span class='ocr_line' id='line_1_27' title="bbox 147 2269 392 2315; baseline 0.008 -5"><span class='ocrx_word' id='word_1_188' title='bbox 147 2269 392 2315; x_wconf 82' lang='lat' dir='ltr'>Salaricum.</span> 
     </span>
    </p>
   </div>
   <div class='ocr_carea' id='block_1_10' title="bbox 931 2359 1758 2416">
    <p class='ocr_par' dir='ltr' id='par_1_10' title="bbox 931 2359 1758 2416">
     <span class='ocr_line' id='line_1_28' title="bbox 931 2359 1758 2416; baseline -0.012 -7"><span class='ocrx_word' id='word_1_189' title='bbox 931 2368 976 2413; x_wconf 90' lang='lat' dir='ltr'>T</span> <span class='ocrx_word' id='word_1_190' title='bbox 998 2378 1013 2409; x_wconf 90' lang='lat' dir='ltr'>t</span> <span class='ocrx_word' id='word_1_191' title='bbox 1049 2379 1073 2416; x_wconf 81' lang='grc'>3</span> <span class='ocrx_word' id='word_1_192' title='bbox 1599 2359 1758 2415; x_wconf 82' lang='lat' dir='ltr'>Expe-</span> 
     </span>
    </p>
   </div>
  </div>
 </body>
</html>
