2007 2677
679 239 836 268 ἐξ
869 224 1026 282 (38¹)
1059 238 1213 256 -

335 343 465 400 Signa
516 342 802 400 parallaxibus
839 341 1027 398 praefixa
1062 341 1253 383 indicant
1287 339 1616 396 operationem,
1652 353 1760 396 quae

140 411 393 455 instituenda
428 410 513 464 est,
549 420 595 451 vt
630 420 686 451 ex
720 408 1015 464 Longitudiue
1061 417 1105 448 et
1139 406 1386 448 Latitudine
1424 419 1523 448 vera
1561 405 1764 448 obtinen-

142 486 211 521 tur
245 488 463 533 apparens.

331 606 584 661 Antequam
640 604 936 646 conclusiones
995 616 1051 646 ex
1103 603 1169 646 his
1207 601 1382 645 calculis
1434 601 1636 644 deductas
1686 615 1764 643 ex-

136 683 331 728 ponam,
391 672 581 713 breuiter
635 683 721 712 non
769 671 884 712 nulla
919 670 1152 711 enarranda
1188 670 1387 710 videntur
1423 669 1475 710 de
1513 669 1725 710 methodo
1747 696 1763 721 ‚

140 749 267 791 quam
304 749 360 778 ex
396 738 490 778 data
526 746 776 777 centrorum
813 737 1002 777 distantia
1039 746 1269 790 apparente
1307 736 1349 776 iu
1379 733 1672 789 inuestiganda
1688 745 1762 775 ve-

137 815 183 844 ra
216 801 300 844 fiue
336 815 360 844 e
397 813 549 844 centro
587 800 750 842 telluris
789 800 968 855 spec'tata
1003 799 1095 840 sum
1131 799 1316 840 secutus.

335 932 638 988 Repraesentet
672 930 827 976 ΑΘΒ
865 929 1142 984 Eclipticam,
1177 927 1268 969 EF
1302 928 1417 970 viam
1441 927 1652 969 Mercurii
1689 917 1960 981 ap-Tab.v1L

138 1008 395 1054 parentem,
439 1003 480 1043 O
517 997 700 1047 Solem,
741 996 812 1049 qui
851 1005 1050 1049 tanquam
1087 993 1325 1034 immobilis
1363 992 1603 1046 spectatur,
1656 992 1760 1032 dum
1775 971 1841 1019 Eg·
1871 981 1902 1013 ⁵·

138 1064 385 1104 Mercurius
441 1073 563 1103 motu
616 1061 799 1102 relatiuo
853 1060 1044 1101 orbicum
1082 1058 1171 1100 EF
1210 1058 1445 1099 describere
1499 1057 1759 1110 concipitur.

138 1127 224 1169 Pro
277 1137 503 1168 momento
550 1138 813 1181 quocunque
851 1125 951 1166 dato
987 1125 1035 1165 fit
1072 1137 1108 1164 m
1145 1125 1267 1165 locus
1304 1135 1509 1178 apparens
1547 1122 1760 1164 Mercurii

127 1193 183 1234 in
219 1192 375 1245 orbita,
412 1203 455 1234 et
488 1197 588 1238 Om
625 1190 814 1232 distantia
850 1201 1098 1232 centrorum
1135 1202 1193 1230 ex
1221 1188 1522 1230 obseruatione
1545 1187 1762 1241 conclusa,

142 1258 318 1299 demiffo
382 1271 438 1298 ex
482 1270 518 1296 m
555 1257 606 1297 ad
642 1256 738 1298 AB
775 1257 1122 1311 perpendiculo,
1177 1261 1257 1308 mp
1302 1254 1518 1309 exprimet
1552 1253 1763 1294 Latitudi-

140 1336 240 1364 nem
277 1322 485 1363 Mercurii
532 1330 841 1376 apparentem,
895 1332 939 1362 et
967 1326 1057 1376 pO
1094 1319 1381 1361 differentiam
1416 1318 1763 1373 Longitudinum

143 1398 420 1441 apparentem
467 1387 580 1428 Solis
617 1397 660 1428 et
695 1387 919 1428 Mercurii.
1008 1384 1285 1440 Computatis
1338 1384 1424 1425 iam
1475 1382 1765 1439 parallaxibus

142 1451 351 1493 Mercurii
396 1466 417 1493 a
454 1451 555 1494 Sole
600 1451 643 1492 in
690 1451 1031 1505 Longitudinem
1076 1463 1212 1504 aeque
1257 1462 1304 1490 ac
1349 1449 1393 1490 in
1428 1448 1762 1500 Latitudinem,

144 1528 185 1558 et
220 1515 374 1558 resecta
405 1516 485 1571 pP
522 1511 687 1571 aequali
731 1516 935 1570 parallaxi
980 1515 1190 1556 Mercurii
1227 1527 1249 1555 a
1285 1513 1388 1556 Sole
1424 1514 1466 1554 in
1504 1513 1762 1567 Longiiudi·

144 1595 243 1624 nem
288 1583 476 1636 erigatur
519 1581 879 1636 perpendiculum
924 1580 1028 1620 PM
1064 1580 1241 1634 aequale
1275 1579 1514 1620 Latitudini
1550 1577 1761 1620 Mercurii

141 1659 286 1699 verae,
323 1649 527 1702 punctum
563 1646 614 1687 M
649 1646 731 1687 erit
766 1646 889 1688 locus
910 1645 1121 1686 Mercurii
1158 1657 1215 1685 ex
1248 1654 1400 1685 centro
1438 1644 1603 1686 telluris
1632 1643 1761 1684 visus.

141 1711 281 1755 Dudia
326 1712 457 1766 igitur
491 1711 595 1757 ΘΜ
630 1723 672 1753 et
707 1723 857 1753 centro
893 1717 935 1758 O
971 1709 1185 1765 descripto
1221 1722 1319 1750 arcu
1356 1722 1440 1763 mg
1474 1721 1570 1764 pars
1606 1706 1762 1749 resecta

143 1777 236 1831 Mg
272 1778 411 1818 addita
447 1778 498 1818 ad
536 1777 768 1819 distantiam
804 1776 1072 1818 obseruatam
1110 1778 1229 1826 mo,
1282 1785 1353 1816 aut
1389 1774 1438 1814 ab
1476 1775 1628 1815 eadem
1665 1771 1763 1814 sub·

147 1842 305 1894 tracta,
349 1852 479 1897 prout
515 1843 848 1884 circumstantiae
884 1842 1108 1897 requirunt
1131 1870 1143 1889 ,
1190 1839 1308 1880 dabit
1342 1852 1488 1881 veram
1526 1838 1764 1880 distantiam

148 1905 408 1949 Ceutrorum
466 1907 577 1949 Solis
631 1919 674 1948 et
718 1907 942 1948 Mercurii.
1013 1905 1158 1949 Cardo
1195 1905 1325 1960 igitur
1368 1905 1409 1945 in
1447 1918 1502 1946 eo
1537 1903 1763 1956 versatur,

146 1981 193 2012 vt
228 1971 468 2014 inueniatur
519 1973 672 2015 rel'ec'ta
707 1986 807 2027 mg.
879 1970 1067 2026 Cognita
1103 1984 1208 2012 vero
1243 1970 1447 2025 parallaxi
1504 1968 1762 2012 Latitudinis

146 2036 356 2079 Mercurii
393 2052 414 2079 a
450 2037 577 2090 Sole,
612 2049 655 2079 et
691 2038 935 2080 latitudine
972 2038 1063 2079 eius
1100 2050 1200 2078 vera
1237 2035 1266 2076 P
1288 2035 1339 2076 M
1374 2049 1431 2079 ex
1466 2035 1651 2077 Tabulis
1689 2034 1765 2074 de—

148 2101 316 2153 sunita,
366 2103 532 2145 dabitur
577 2104 780 2145 Latitudo
817 2115 1022 2158 apparens
1055 2110 1083 2157 p
1106 2115 1165 2143 m:
1222 2100 1505 2156 quamobrem
1542 2113 1600 2140 ex
1635 2099 1765 2139 trian-

149 2167 254 2222 gulo
292 2168 534 2223 rectangulo
571 2175 654 2222 Op
678 2182 714 2210 m
751 2169 1074 2223 computabitur
1109 2166 1288 2222 angulus
1320 2170 1496 2219 me,
1532 2174 1575 2205 et
1609 2163 1650 2204 in
1689 2162 1764 2204 tri-

148 2231 309 2285 argulo
346 2231 496 2274 Mmr
537 2235 685 2275 itidem
724 2234 976 2288 reeiangulo
1011 2247 1067 2275 ex
1103 2234 1210 2274 datis
1248 2229 1451 2272 lateribus
1488 2229 1573 2271 Mr
1606 2238 1649 2270 et
1684 2239 1764 2269 mr

149 2296 383 2352 parallaxe<
420 2300 759 2353 exprimentibus
798 2299 1023 2341 habebitur
1059 2295 1357 2352 hypothemisa
1394 2294 1445 2335 M
1469 2307 1506 2335 m
1541 2308 1624 2336 vna
1660 2305 1762 2335 cum

151 2361 308 2417 angulo
345 2362 452 2404 Mm
473 2376 515 2416 r,-
551 2378 594 2408 et
629 2380 729 2409 cum
764 2371 903 2418 Omp
940 2364 1130 2418 aequalis
1164 2362 1213 2406 fit
1247 2359 1408 2419 angulo
1442 2373 1600 2417 gmr,
1636 2357 1762 2399 diffe-

867 2429 1060 2482 Bbba
1658 2435 1759 2467 mm
