2007 2677
647 198 800 225 ===
833 182 988 239 (267)
1020 201 1175 227 ==

301 301 489 350 ducunt,
533 298 726 351 exceptis
763 295 1066 350 inferioribus,
1119 312 1226 354 qnae
1262 299 1427 354 apicem
1463 304 1604 347 versus
1640 306 1715 350 fle·

300 379 380 409 xae
417 365 459 405 in
496 363 596 403 duas
633 361 746 416 quafi
782 365 934 404 caudas
972 364 1071 416 (34.
1111 366 1209 419 35.)
1247 367 1492 422 discedunt,
1544 370 1587 411 in
1623 386 1714 414 cre·

302 443 397 473 nam
433 427 618 469 insertas.

174 523 248 562 33,
304 508 407 563 Quo
457 516 591 558 vsqne
640 503 856 558 prioribus
902 505 995 547 istae
1032 505 1148 547 fibris
1187 507 1223 548 se
1262 507 1525 560 subductum
1560 512 1632 554 xbi
1669 513 1716 554 fi-

299 569 390 611 mul
427 568 561 610 flexae
597 569 638 608 in
676 570 779 610 duas
815 570 928 612 abire
966 572 1117 613 caudas
1154 572 1381 627 incipiunt.

172 661 246 701 34.
284 647 431 690 Cauda
467 646 670 702 superior.

172 738 248 777 35.
287 726 435 767 Cauda
470 724 672 773 inferior3
710 724 857 765 ambae
894 726 936 765 in
974 737 1143 766 crcnam
1180 724 1373 769 insertae.

171 808 247 856 36.
287 816 361 854 32.
399 815 473 856 37.
513 812 587 853 33.
625 801 814 857 Angusta
851 800 1020 844 fasciola
1055 804 1212 857 pariter
1248 803 1337 846 sere
1376 804 1493 846 fibris
1531 806 1610 850 suis
1647 813 1717 852 ad-

299 868 528 919 scendens,
573 868 695 909 cuius
742 867 873 909 fibrae
924 867 1150 909 inferiores
1187 881 1339 911 omues
1374 870 1418 912 in
1455 871 1720 927 superiorem

300 931 552 973 inseruntur.

176 1001 250 1047 36.
288 997 523 1037 Terminus
561 994 707 1036 fasciae
743 993 934 1036 inferior.

176 1075 249 1114 37.
288 1061 409 1102 Fibra
445 1060 633 1114 superior
669 1059 808 1100 crassa.

174 1146 248 1185 39.
275 1136 346 1183 36.
369 1145 443 1183 40.
466 1144 540 1183 4¹·
564 1143 637 1181 42.
676 1129 812 1171 Fascia
849 1128 975 1170 latior
1010 1128 1126 1170 fibris
1162 1131 1321 1186 pariter
1347 1133 1716 1181 adscendentibus

178 1221 251 1260 39.
291 1207 525 1249 Terminus
563 1207 689 1249 huius
727 1205 874 1247 saliciae
911 1204 1103 1248 inferior.

177 1301 250 1340 μ’.
289 1287 334 1327 ln
372 1286 449 1327 hac
487 1285 582 1326 sede
621 1284 857 1340 superiores
895 1284 1021 1326 huius
1059 1284 1256 1329 fasciolae
1293 1286 1424 1332 fibrae
1452 1293 1595 1334 versus
1632 1299 1720 1350 api-

303 1363 395 1391 cem
434 1349 569 1390 flexae
608 1351 648 1390 in
687 1351 863 1391 caudam
898 1349 1150 1392 inferiorem
1187 1351 1285 1406 (33.
1323 1357 1421 1410 35.)
1458 1357 1720 1402 descenden-

303 1415 358 1455 do
396 1413 648 1454 inferuntur.

132 1487 135 1492 ‘
177 1507 251 1547 41.
304 1492 534 1534 inferiores
582 1491 727 1534 fasciae
780 1490 937 1544 fibme,
993 1507 1098 1549 quac
1145 1494 1267 1537 fimili
1315 1496 1510 1552 priorum
1546 1500 1720 1559 serpen·

305 1559 396 1599 tino
433 1558 557 1598 dustn
594 1558 747 1612 pariter
783 1558 824 1598 in
861 1558 1039 1600 caudam
1075 1559 1198 1614 (35.)
1233 1561 1487 1605 inseruntur.

176 1650 251 1690 42.
298 1635 474 1676 Infimac
513 1633 704 1677 fasciolae
740 1636 896 1687 fibrae,
951 1650 1058 1690 quae
1095 1637 1145 1678 ad
1182 1650 1354 1680 crenam
1391 1653 1526 1696 vsque
1561 1656 1721 1697 perue-

306 1702 451 1752 niunt,
489 1700 529 1740 in
566 1712 746 1754 eamque
781 1701 1035 1742 inseruntur.

177 1793 251 1832 43.
293 1792 364 1829 39.
404 1794 478 1829 44.
518 1790 593 1829 45.
632 1779 706 1827 46.
764 1778 833 1820 Ad
886 1792 1057 1821 crenam
1109 1791 1245 1834 vsque
1299 1781 1548 1825 continuata
1601 1784 1718 1827 fibris

307 1843 464 1897 pariter
509 1854 551 1882 et
589 1840 784 1882 tenuibus
819 1853 861 1883 et
897 1843 984 1886 fere
1021 1844 1390 1886 adscendentibus.

178 1936 253 1972 44.
293 1919 439 1960 fibrae
476 1919 566 1959 cius
605 1918 798 1960 fasciolae
835 1922 1026 1978 mediae,
1080 1921 1153 1964 sub
1191 1922 1430 1979 iupcriores
1465 1924 1535 1969 seu
1579 1929 1719 1984 poste·

306 1985 438 2024 riores
476 1983 513 2024 (c
553 1983 848 2026 iubduccntes.

177 2073 251 2113 45.
289 2060 543 2114 Superiores
580 2062 623 2103 in
659 2075 828 2104 crenam
866 2062 1161 2106 descendendo
1198 2064 1391 2108 insertae.

176 2143 252 2192 46.
292 2138 466 2180 infimae
504 2139 632 2181 fibrae
670 2141 824 2196 pariter
860 2142 1157 2185 descendendo
1195 2146 1234 2185 in
1272 2157 1440 2186 trenam
1477 2143 1669 2187 insertae.

177 2232 254 2272 47.
294 2217 352 2259 N.
390 2227 464 2267 48.
503 2233 578 2269 49.
609 2232 613 2236 ·
647 2218 831 2262 Fasciova
868 2222 945 2262 a'in
992 2221 1278 2276 superioribus
1315 2221 1428 2261 fibuis
1464 2220 1507 2262 iu
1544 2221 1712 2266 rusiam

303 2284 659 2340 praecedentem,
691 2285 968 2331 inferioribus
1006 2287 1046 2328 in
1085 2301 1253 2333 crenam
1289 2284 1452 2329 inserta.

916 2351 985 2394 Ll
1025 2365 1049 2390 2
1485 2365 1561 2404 47.
1599 2350 1714 2395 Ter·
