2007 2677
656 181 1187 239 ——(262>--·

179 304 210 347 t.
281 300 459 346 Collum
511 299 723 341 auriculae
777 300 980 352 dextrae,
1032 299 1184 340 eadem
1230 295 1351 339 fascia
1387 295 1580 337 corona1i
1624 307 1728 336 con-

313 368 510 408 strfflum.

185 455 236 481 m.
307 439 562 494 Supcrficics
598 437 762 477 sinuum
799 438 985 479 anterior
1021 437 1291 489 communis,
1330 436 1451 490 plana
1487 436 1639 477 erec‘ta.

185 531 224 559 η.
291 515 526 570 Appendix
561 515 799 568 auriculae,
837 529 942 571 quae
979 516 1199 557 eleuariet
1229 514 1385 555 refleffl
1423 501 1586 569 potest,
1625 512 1730 553 ‘l‘on-

309 593 361 634 ge
399 579 548 620 distan³
585 581 626 620 in
665 581 793 620 corde
847 581 964 622 nudo
999 595 1020 622 a
1066 578 1257 632 margine
1311 578 1503 619 coronali
1557 577 1729 628 cordis,

311 657 468 698 quem,
506 644 607 684 dum
646 645 775 685 crasso
813 645 935 698 adipe
972 645 1046 686 suo
1082 641 1300 684 inuestitus
1355 643 1477 697 super
1520 643 1655 683 sinum
1691 641 1729 681 se

313 709 538 759 extendit,
589 709 777 750 auricula
812 710 933 762 tegit.

181 796 220 832 ορ
288 784 359 827 Ad
397 785 510 826 hunc
548 785 783 825 terminum
817 796 953 838 vsque
990 783 1208 836 appendix
1243 781 1454 835 separatus
1491 780 1650 821 eleuari
1686 790 1732 820 et

310 849 468 890 refleeii
520 847 697 890 inferius
749 848 915 903 potest5
967 848 1066 889 inde
1104 846 1375 890 dextrorsum
1427 858 1521 900 pars
1558 844 1731 899 parietis

312 914 421 954 finus
459 913 600 953 dextri
636 913 708 958 est.

177 999 223 1047 p.
293 990 543 1046 Capitulum
598 991 665 1032 seu
714 989 994 1032 tuberculum*
1041 987 1309 1043 perforatum
1349 985 1591 1029 ¹auriculae.
1650 983 1735 1026 *Ad

315 1057 428 1098 hunc
467 1056 698 1098 terminum
735 1055 924 1108 superius
959 1067 1096 1109 vsque
1134 1051 1349 1107 appendix
1378 1050 1536 1094 eleuari
1572 1049 1734 1104 potest;

315 1122 491 1162 dimidia
542 1134 635 1175 pars
688 1119 909 1160 sinisterior
943 1132 1023 1160 vna
1059 1117 1315 1170 reflectitur,
1369 1115 1590 1157 dexterior
1638 1125 1735 1169 pars

318 1186 490 1238 parietis
527 1186 634 1226 sinus
670 1185 740 1225 est.

185 1269 226 1310 q.
297 1255 548 1311 Capitulum
604 1256 814 1299 auriculae
869 1253 1155 1296 tendinosum.
1226 1252 1325 1294 Hoc
1361 1251 1504 1293 minus
1542 1248 1734 1292 constans

317 1322 395 1361 else
430 1323 614 1362 videtur.

189 1405 225 1432 r.
294 1391 480 1433 Dorsum
516 1391 743 1432 auriculae.

294 1461 549 1516 Super-ficies
593 1461 805 1502 auriculae
851 1473 1047 1502 connexa
1090 1461 1292 1502 anterior.
1365 1456 1580 1503 concaua.
1605 1455 1734 1504 facies

320 1538 497 1568 externa
532 1526 574 1565 in
610 1526 844 1580 appendice
879 1525 1046 1566 reflexo
1083 1535 1274 1579 apparet.

291 1602 391 1645 Pars
428 1602 662 1644 musculosa
694 1615 827 1644 venae
865 1615 990 1644 cauae
1027 1602 1270 1657 superioris.

299 1675 399 1716 Pars
435 1674 552 1715 fibris
590 1673 894 1716 muscularibus
931 1687 1101 1729 expers.

305 1747 446 1789 Filum
483 1746 801 1798 cartilagineum
837 1747 1022 1788 anterius
1064 1746 1280 1786 dextrum.

319 1819 456 1860 Filum
494 1816 813 1870 cartilagineum
848 1818 1032 1858 anterius
1067 1809 1288 1858 finistrum.

308 1896 455 1938 Fibrae
510 1895 810 1936 circumflexae
848 1895 1051 1948 finistme,
1105 1907 1231 1950 quae,
1285 1901 1403 1933 ortae
1455 1888 1678 1931 sinisterius
1715 1901 1737 1929 a

324 1960 403 2001 bafi
441 1962 615 2001 arteriae
653 1960 929 2014 pulnionialis,
951 1961 1215 2002 transuerssm
1252 1958 1362 1999 circa
1390 1957 1496 1997 latus
1531 1954 1735 1996 sinistrum

326 2025 424 2065 coni
461 2023 645 2066 arrerioli
683 2024 930 2076 flectuntur,
967 2036 1009 2066 et
1043 2026 1084 2066 in
1119 2025 1357 2078 supremam
1394 2031 1558 2076 partem
1585 2028 1733 2058 crennc

323 2088 578 2130 inseruntur.
648 2089 739 2130 Hae
776 2089 904 2131 fibrae
941 2090 983 2131 iu
1019 2091 1108 2132 aliis
1145 2088 1347 2132 cordibus
1394 2087 1532 2128 multo
1569 2079 1736 2122 notabi-

324 2154 452 2194 liores
490 2164 781 2208 apparuerunt.

182 2231 231 2272 y·
265 2231 306 2259 Ζ·
348 2232 386 2256 1·
429 2231 467 2258 2·
506 2232 547 2267 3.
617 2218 763 2261 Fibrae
800 2219 1067 2273 pulmonales
1104 2219 1354 2265 anteriores,
1384 2222 1501 2253 ortae
1537 2223 1558 2251 a
1595 2207 1735 2249 media

324 2295 440 2337 parte
471 2284 669 2326 anteriori
705 2284 804 2327 basis
834 2286 1008 2328 arteriae
1035 2285 1314 2342 pulmonalis,
1348 2277 1525 2320 insertae
1552 2277 1595 2317 in
1624 2286 1735 2379 pop-

323 2358 424 2388 tem.
1575 2353 1626 2392 y.
1695 2351 1733 2379 i-

191 1615 238 1939 &ease
