2007 2677
693 144 1222 200 ===(261)——

211 267 266 310 Ι),
339 262 601 307 Exti-emitas
637 272 786 304 crenae
823 259 1036 311 anterior,
1073 258 1142 300 seu
1178 271 1288 313 apex
1323 259 1568 302 communis
1599 263 1759 305 cordis.

212 344 261 387 E.
331 343 464 395 Apex
496 336 722 380 ventriculi
774 336 945 388 finistri,
998 338 1041 378 in
1079 349 1209 391 quem
1259 336 1389 378 fibrae
1424 337 1620 379 radiatim
1656 353 1762 383 cou-

347 414 521 448 currunt
555 403 772 455 (centrum
810 400 1009 441 focorum
1047 401 1321 454 commune.)

331 485 463 538 Apex
496 479 726 521 ventriculi
763 479 936 532 dextri,
974 479 1097 534 super
1133 492 1263 534 quem
1300 480 1429 522 fibrae
1467 479 1694 523 transeunt.

293 547 356 602 ⁴H.
394 558 429 599 Ι.
469 557 518 599 C.
589 557 688 599 Pars
725 558 924 600 arteriosa
967 559 1194 600 ventriculi
1235 560 1390 601 dextri.

301 634 353 675 G.
390 632 452 674 M.
490 632 540 673 F.
611 632 711 675 Pars
746 634 903 676 venosa
938 635 1168 676 ventriculi
1205 634 1360 676 dextri.

371 709 416 751 L.
455 707 505 749 C.
577 707 728 750 Conus
783 708 1037 760 arteriosus‚
1089 723 1110 750 a
1144 709 1336 764 partibus
1373 721 1488 751 retro
1525 725 1624 753 eum
1675 713 1759 755 {itis

335 775 573 830 separatus,
625 784 672 814 vt
706 786 787 815 vna
833 785 932 813 cum
983 774 1132 814 arteria
1185 775 1352 828 apicem
1402 775 1544 815 versus
1598 779 1758 819 reflecti

334 839 473 895 poffit.
544 837 593 878 In
630 838 720 880 aliis
759 837 961 881 cordibus
999 839 1135 880 maior
1171 848 1215 879 ct
1249 838 1478 894 speciofior
1515 839 1584 883 hie
1623 854 1758 882 conus

336 902 520 945 inueniri
555 901 679 943 solet.

206 982 242 1025 1.
279 980 334 1024 Κ.
371 979 424 1020 G.
494 978 653 1033 Margo
690 978 898 1031 hamatis,
939 991 1026 1033 quo
1061 992 1156 1034 pars
1184 981 1412 1022 ventriculi
1450 981 1632 1024 basslaris
1652 980 1758 1037 (Ο.)

335 1059 357 1086 a
393 1043 613 1098 superficie
650 1042 855 1098 superiori
889 1045 1118 1085 ventriculi
1156 1045 1440 1100 distinguitur.

181 1120 262 1163 K.
331 1119 571 1162 Terminus
609 1119 659 1159 ad
712 1132 840 1174 quem
875 1131 1011 1174 vsque
1046 1121 1090 1161 in
1125 1120 1255 1163 latere
1292 1121 1447 1164 dextro
1482 1134 1617 1164 conus
1654 1135 1755 1164 cum

339 1184 490 1225 arteria
524 1183 684 1224 eleuari
719 1194 763 1225 et
796 1184 955 1226 reflec‘ti
991 1185 1146 1239 potest.

206 1261 253 1305 L.
324 1261 561 1303 Terminus
598 1274 686 1316 quo
719 1273 856 1316 vsque
892 1261 978 1304 hoc
1013 1263 1058 1304 in
1093 1262 1252 1305 finistro
1288 1263 1380 1306 fieri
1415 1265 1567 1320 potest.

206 1339 270 1382 M.
306 1337 359 1380 G.
428 1338 628 1392 Angulus
681 1339 907 1389 ventriculi
961 1341 1127 1394 dextri,
1178 1342 1293 1383 intus
1331 1342 1612 1395 cauernosus‚
1667 1356 1754 1398 quo

331 1403 526 1458 sanguis,
579 1403 792 1457 copiosius
828 1404 1100 1460 irrumpens,
1150 1419 1315 1462 perque
1352 1406 1562 1449 foramina
1612 1409 1754 1450 annuli

331 1467 478 1509 venosi
514 1467 744 1521 express‘u5‚
779 1468 999 1523 recipitur.

212 486 263 528 F.

213 565 264 605 G.

206 637 263 679 H.

205 711 243 753 Ι.

204 1547 268 1589 M.
302 1544 362 1589 N.
431 1545 530 1586 Pars
568 1545 802 1587 ventricosa
854 1548 1056 1602 marginis
1110 1550 1360 1603 anterioris,
1405 1565 1521 1606 ,quae
1557 1552 1755 1607 ampliffi·

332 1623 447 1652 marn
482 1618 647 1665 partem
698 1612 917 1665 cauitatis,
972 1613 1203 1669 minusque
1253 1616 1464 1671 repletam
1510 1617 1751 1669 columnis,

331 1676 462 1731 partis
497 1672 677 1715 vcnosae
711 1677 941 1718 ventriculi
977 1679 1186 1720 continet.

200 1750 259 1795 N.
294 1752 350 1795 D.
420 1752 520 1796 Pars
557 1752 743 1795 anterior
777 1763 820 1795 et
852 1756 1077 1799 finisterior
1129 1759 1383 1814 ventriculi,
1436 1759 1650 1801 columnis
1685 1772 1753 1801 re-

329 1819 444 1873 plcta
479 1828 523 1860 et
556 1818 701 1869 fibris,
751 1819 802 1860 ad
837 1822 1002 1875 apicem
1052 1824 1288 1877 pertinens.
1373 1823 1493 1866 Haec
1543 1823 1751 1874 inferius,

332 1883 512 1936 angulus
568 1882 791 1936 superum,
850 1887 1169 1942 receptaculum
1222 1879 1501 1931 cauernosum
1560 1889 1618 1933 est
1667 1902 1749 1945 pro

329 1945 529 2002 sanguine
566 1947 734 1988 vberius
771 1948 1050 2005 irrumpente.

202 2018 254 2063 Ο.
326 2020 478 2065 Portio
513 2025 641 2078 partis
677 2025 858 2069 bafilaris
893 2031 1121 2073 ventriculi
1159 2032 1329 2088 dextri,
1364 2032 1554 2090 margine
1592 2029 1691 2085 (K.)
1725 2042 1747 2071 ³

329 2086 550 2141 superficie
585 2091 810 2133 ventriculi
854 2091 1062 2149 superiori
1099 2096 1300 2140 distinsta.

198 2160 248 2202 Ρ.
318 2162 523 2207 Truncus
560 2168 731 2211 arteriae
765 2171 1047 2227 pulmonalis.

197 2239 254 2304 Q,-
322 2241 430 2288 Eius
465 2258 607 2290 ramus
640 2247 819 2308 finister,
853 2252 1041 2359 :kmplior
1074 2253 1352 2311 breuiorquc·
1684 2312 1720 2356 R

916 2318 943 2359 k
982 2330 1007 2371 3
1728 2343 1743 2357 ·
