2007 2677
789 238 947 256 --
978 220 1321 282 <122)==

259 361 341 407 que
376 345 483 387 adeo
516 340 677 385 semiffe
729 342 855 384 huius
902 344 1109 398 temporis
1146 343 1340 384 dimidias
1385 342 1680 388 reuolutiones
1715 346 1854 391 absol·

255 423 353 463 vet,
409 410 505 463 quia
537 408 676 464 pofito
710 405 835 462 ΦΣ.
855 423 904 463 π,
940 409 1069 450 etiam
1103 408 1231 450 ambo
1265 409 1516 464 posteriores
1554 413 1722 455 termini
1756 427 1856 457 eua-

252 475 439 521 nescent.
486 507 496 513 .

447 572 488 627 .§.
530 584 601 621 23.
673 570 932 627 Quanquam
984 581 1179 612 centrum
1231 570 1351 625 globi
1388 569 1426 613 C
1468 573 1646 614 eandem
1691 572 1854 628 semper

257 653 280 682 a
312 638 444 694 plano
480 637 740 679 horizontali
778 637 912 678 seruat
946 634 1206 688 distantiam,
1241 646 1284 677 et
1318 637 1361 676 in
1396 636 1507 677 linea
1535 639 1642 678 resta
1677 651 1857 692 progre-
1921 643 1924 647 “

258 706 398 756 ditur,
432 704 522 743 eius
558 712 699 743 tamen
736 714 880 744 motus
917 715 1004 742 non
1041 703 1120 743 erit
1154 700 1408 753 vniformis,
1463 702 1664 755 quoniam
1708 703 1858 743 celeri·-

258 772 320 811 tas
356 765 639 810 horizontalis
677 769 808 807 centri
845 767 1060 819 grauitatis
1095 775 1307 818 perpetuo
1344 775 1486 805 manet
1520 765 1693 812 eadem5
1746 767 1857 807 inte·

257 847 329 875 rea
363 843 504 873 autem
539 838 734 870 centrum
788 828 1002 883 grauitatis
1041 827 1078 869 G
1114 829 1224 868 circa
1261 826 1297 869 C
1333 828 1454 868 fimili
1501 827 1587 869 fere
1623 829 1757 870 modo
1791 844 1858 871 re·

257 897 485 947 voluetur,
539 907 626 948 quo
660 893 853 947 planetae
899 893 1008 932 circa
1044 891 1176 931 solem
1211 893 1254 931 in
1291 892 1440 932 orbitis
1496 892 1576 933 suis
1631 894 1858 935 circumfe-

252 971 431 1009 runtur3
484 960 528 999 in
565 971 653 1011 quo
688 967 809 997 motu
844 954 1190 1009 profundiffimus
1225 956 1322 996 fitus
1366 957 1509 1011 punc'ti
1546 956 1585 999 G
1619 959 1858 1011 perihelio,

258 1026 472 1068 alti-‘fimus
515 1035 621 1062 vero
666 1022 837 1075 aphelio
890 1019 1134 1072 respondet.
1203 1019 1394 1061 Primum
1446 1022 1560 1062 enim
1613 1023 1858 1063 membrum

261 1090 470 1130 formulae
506 1087 665 1126 nostrae
701 1098 779 1139 pro
816 1094 1010 1137 tempore
1048 1092 1062 1123 t
1096 1084 1294 1123 inuentae
1331 1085 1532 1136 angulum
1560 1082 1602 1135 (D
1631 1086 1855 1128 continens

258 1164 427 1195 motum
464 1151 655 1191 medium
708 1148 1057 1204 repraesentabit,
1112 1147 1240 1189 ambo
1275 1160 1379 1187 vero
1416 1147 1607 1187 membra
1643 1147 1856 1200 sequentia

258 1218 576 1273 inaequalitates
632 1216 879 1265 continent,
934 1224 977 1253 et
1031 1213 1142 1267 quasi
1193 1212 1560 1253 excentricitatem
1612 1212 1856 1252 inuoluunt.

258 1285 373 1325 Hinc
410 1284 537 1324 etiam
572 1280 685 1321 casus
739 1279 1023 1334 praecedens,
1079 1291 1165 1331 quo
1212 1288 1379 1331 tempus
1415 1277 1537 1317 vnius
1572 1276 1858 1318 reuolutionis

260 1360 348 1390 erat
381 1347 615 1397 infinitum,
637 1346 773 1387 motui
809 1353 1003 1385 cometae
1036 1344 1081 1383 in
1102 1342 1307 1384 Parabola
1340 1342 1487 1382 similis
1508 1341 1590 1382 erit
1610 1341 1856 1384 censendus.

478 1469 536 1522 ΙΙ.
573 1469 651 1519 De
681 1466 1039 1533 prouolutione
1069 1461 1285 1530 perfetta
1316 1464 1470 1516 nostri
1502 1463 1638 1529 globi

798 1541 1064 1594 accedente
1098 1539 1335 1591 frittione.

453 1648 490 1702 ᾖ,
531 1661 603 1698 24.
673 1645 806 1699 Supra
840 1647 924 1687 iam
975 1644 1160 1685 vidimus
1215 1645 1264 1684 ad
1308 1644 1661 1697 prouolutionern
1713 1639 1854 1695 perfe-

259 1716 367 1756 &am
401 1712 585 1766 requiri,
637 1721 684 1752 vt
719 1721 927 1765 perpetuo
961 1709 1009 1749 fit
1044 1707 1107 1749 &s
1129 1722 1189 1747 :-
1210 1722 1233 1748 a
1256 1705 1363 1760 δῷς
1420 1721 1545 1761 quam
1581 1707 1638 1747 ob
1674 1707 1854 1746 causs'am

257 1780 302 1820 in
338 1778 487 1818 nostris
523 1777 848 1830 aequationibus
892 1775 1027 1815 statim
1080 1774 1300 1814 statuamus
1356 1770 1544 1813 35:12
1566 1767 1674 1823 ὂΦ,
1726 1780 1851 1823 atque

258 1843 475 1884 eliminata
509 1841 713 1895 pteffione
749 1843 789 1882 Π
823 1839 1055 1881 videndum
1091 1839 1169 1889 est,
1225 1847 1429 1892 quantum
1476 1837 1669 1877 valorem
1713 1834 1855 1875 littera

259 1911 286 1948 λ
314 1907 362 1947 fit
396 1907 620 1957 adeptura3
659 1906 862 1957 quamdiu
897 1903 1010 1944 enim
1045 1903 1115 1944 iste
1149 1903 1269 1943 valor
1305 1915 1390 1942 non
1428 1900 1637 1956 superabit
1670 1904 1710 1951 ὲ,
1746 1909 1854 1940 tam-

259 1973 334 2013 diu
370 1969 622 2025 prouolutio
658 1969 839 2022 perfetta
873 1969 1018 2009 locum
1054 1968 1207 2009 habere
1253 1968 1423 2022 poterit.
1496 1964 1852 2007 Commodiffime

256 2047 400 2079 autem
452 2034 525 2075 iste
571 2034 691 2074 valor
726 2039 752 2074 λ
786 2034 1036 2086 colligetur,
1089 2034 1117 2073 fi
1153 2034 1351 2087 aequatio
1405 2031 1526 2073 tertia
1559 2043 1636 2086 per
1669 2029 1851 2085 primam

259 2102 497 2151 diuidatur,
533 2107 623 2138 tum
660 2100 775 2138 enim
810 2098 999 2152 prodibit

466 2164 619 2198 khaaoe
651 2150 1433 2237 z—a÷c·cos.<1)—4—}fin·<l>‚

504 2220 582 2241 ovd-1

260 2266 333 2308 vbi
369 2265 397 2306 fi
433 2266 534 2306 loco
572 2261 596 2304 Β
617 2260 689 2303 &x
724 2264 812 2304 eius
847 2261 966 2301 valor
1002 2263 1120 2316 supra
1150 2265 1369 2318 affiguatus
1406 2260 1686 2314 substituatur,
1720 2268 1849 2312 prop-

260 2334 323 2373 ter
359 2328 384 2371 ὃ
404 2327 429 2370 ἃ
446 2343 466 2370 s
486 2343 547 2368 Ξ
568 2342 593 2369 α
614 2324 639 2367 D
659 2325 683 2368 ὂ
701 2324 766 2380 Φ,
802 2326 1076 2369 habebimus:

1785 2391 1851 2435 kk
