2007 2677
671 182 826 209 ===
860 166 1201 223 (2⁵3>===··—

137 300 218 343 que
256 286 295 328 in
334 293 523 336 aortam,
575 283 778 336 laqueum
824 281 878 322 fic
925 279 1152 324 formando
1204 281 1318 325 haud
1372 282 1604 327 absimilem
1655 283 1745 339 illi,

137 364 266 408 quem
302 349 564 390 ventriculus
600 348 642 387 in
677 345 944 397 cmbryone,
999 360 1096 388 cum
1134 347 1246 389 solus
1300 347 1522 401 existeret,
1575 363 1744 405 reprae-

136 415 337 459 sentabat.
407 410 678 454 Descendens
715 422 848 464 erg0,
884 411 966 451 siue
1003 411 1184 464 venosa,
1228 425 1322 467 pars
1366 414 1521 455 canalis
1558 414 1610 455 ad
1647 427 1743 456 cur-

137 489 325 521 vaturam
362 478 402 516 in
438 477 616 518 corculo
669 474 887 528 pulsante,
939 485 982 516 et
1017 486 1238 518 curuatura
1292 491 1422 531 porro
1469 479 1519 520 ad
1556 488 1743 530 aonam,

135 541 436 587 retrahebatur.
513 539 590 580 Vti
627 549 792 580 certum
830 552 1004 593 quoque
1041 542 1081 581 in
1118 541 1355 592 embryone
1391 543 1631 597 gallinaceo
1667 555 1744 583 cor

131 607 222 663 post
256 604 407 658 viginti
446 614 627 657 quatuor
662 604 788 645 horas
825 604 1110 646 incubationis
1146 606 1380 646 immotum
1433 619 1566 662 acque
1601 616 1644 647 et
1683 606 1744 648 al-

133 671 234 712 bum
270 667 520 719 obl'cruaui,
555 668 692 709 visum
721 668 778 708 cst
806 667 968 722 saepius
1003 669 1159 719 etiam,
1195 669 1332 722 paulo
1361 681 1455 711 ante
1493 684 1619 725 quam
1654 671 1746 713 ian·

130 734 270 789 guinis
306 732 474 774 inducia
509 732 704 785 rubedo,
740 732 1069 772 irritabilitatcm
1105 731 1336 786 perfectam
1390 733 1602 776 subortam
1638 736 1747 788 css'e,

129 799 361 850 indicaret,
411 797 662 849 corculum,
715 794 905 851 globulis
941 796 1048 837 albis
1084 797 1322 850 repletum,
1377 797 1496 838 lento
1531 800 1746 840 vermicu-

131 864 206 905 lari
243 873 364 904 motu
400 862 572 915 agitari,
610 861 683 916 qui
719 873 825 916 ergo
846 889 860 913 ,
910 860 1082 903 suborta
1117 861 1293 903 demum
1327 861 1535 903 rubedine
1571 872 1614 904 et
1648 863 1744 903 irri-

130 927 335 969 tabilitate
389 924 599 980 perfesta,
650 926 694 966 in
744 925 1025 979 pulsatorium
1077 935 1247 966 motum
1300 925 1448 968 abiret.
1519 925 1744 983 Quicquid

130 1003 273 1034 autem
309 991 362 1032 de
398 999 522 1031 motu
558 989 643 1031 hoc
678 988 969 1040 vermiculari,
1005 989 1047 1028 in
1084 989 1263 1030 corculo
1298 990 1549 1043 embryonis
1601 991 1745 1032 obser-

127 1067 248 1109 vato,
268 1056 341 1107 fit,
377 1055 461 1096 hoc
498 1063 663 1096 certum
697 1053 756 1094 est
791 1063 950 1105 tamen,
990 1052 1103 1093 hunc
1140 1062 1310 1094 motum
1344 1053 1387 1094 in
1423 1054 1550 1096 solito
1584 1056 1749 1097 ventri-

130 1122 216 1164 culi
253 1130 376 1162 motu
410 1118 615 1170 existere,
662 1130 711 1160 ea
745 1117 910 1159 ratione
945 1115 1271 1169 modificatum,
1321 1127 1368 1158 vt
1402 1129 1445 1160 et
1481 1119 1663 1160 celerior
1696 1119 1746 1161 fit

132 1195 175 1226 et
208 1197 309 1226 cum
343 1184 509 1237 impetu
543 1182 641 1234 fiat,
691 1190 736 1223 et
767 1193 856 1221 vno
893 1181 1098 1236 temporis
1135 1191 1361 1225 momento
1397 1183 1525 1228 ambo
1562 1183 1745 1227 duariun

129 1250 317 1307 partium
351 1247 530 1290 distincti
564 1255 708 1290 motus
743 1244 996 1289 efficiantur.

360 1357 619 1417 Dsffi‘rentiae
654 1360 755 1402 inter
789 1357 1050 1402 ventriculum
1084 1370 1290 1416 tetrumque
1333 1362 1515 1418 insignes.

328 1439 372 1482 Si
409 1451 515 1493 quae
551 1438 750 1480 haetenus
787 1437 839 1479 de
874 1448 1086 1493 vtroque,
1141 1440 1294 1481 dextro
1330 1451 1374 1482 et
1406 1440 1590 1494 finistro,
1642 1452 1747 1483 ven-

135 1504 292 1546 triculo
325 1504 548 1545 obseruata
581 1501 699 1556 sunt,
732 1502 843 1544 inter
879 1502 917 1544 se
955 1514 1285 1560 comparentur,
1320 1506 1477 1547 mirum
1513 1506 1593 1548 effe
1626 1517 1748 1562 pate-

135 1567 224 1620 bit,
270 1578 476 1623 quantum
513 1566 616 1608 alter
651 1566 700 1609 ab
736 1567 870 1609 altero
908 1568 1088 1610 differat.
1159 1567 1344 1624 Figura,
1378 1569 1497 1611 sedes
1531 1581 1575 1612 et
1609 1571 1747 1626 appli-

136 1634 276 1684 catio,
311 1632 508 1674 conditio
542 1630 767 1686 fibrarum,
803 1645 951 1675 earum
988 1632 1230 1689 dispositio,
1281 1644 1370 1676 tota
1404 1634 1568 1676 interna
1603 1645 1745 1677 exter-

134 1710 274 1751 naque
311 1697 534 1747 structura,
587 1705 631 1736 et
665 1697 818 1738 modus
863 1699 1043 1753 agendi,
1096 1696 1398 1752 efficiendique
1450 1699 1749 1753 expulsionem

135 1761 377 1815 sanguinis,
411 1761 520 1803 adeo
554 1772 689 1814 Vsque
725 1760 952 1815 differunt,
999 1773 1048 1805 vt
1081 1763 1207 1818 plane
1243 1763 1367 1805 aliam
1403 1764 1585 1818 dextro,
1620 1764 1746 1805 aliam

135 1825 326 1879 finistro,
377 1835 567 1867 naturam
603 1824 708 1876 ess‘e,
761 1825 872 1868 haud
907 1828 1126 1870 immerito
1162 1828 1337 1870 dixeris.
1416 1828 1555 1870 Nihili
1608 1838 1745 1883 puto,

139 1890 258 1942 quod
312 1890 463 1931 dexter
511 1889 777 1942 triangularis
814 1888 901 1933 fere
935 1892 984 1934 fit
1017 1902 1061 1934 et
1095 1893 1289 1948 planior,
1341 1892 1497 1934 sinister
1531 1894 1666 1935 oualis
1701 1904 1746 1934 et

139 1954 317 2006 crassus,
354 1955 470 2008 quod
508 1953 660 1995 debilis
694 1953 768 1994 ille
799 1964 843 1996 et
870 1958 1038 2010 tenuis,
1073 1958 1144 2000 hic
1183 1957 1305 1999 fortis
1334 1967 1378 1999 et
1403 1958 1588 2011 validus,
1626 1959 1742 2012 quod

137 2018 282 2073 paucis
320 2019 517 2059 tenuibus
554 2018 682 2059 stratis
718 2018 920 2062 fibrarum
956 2022 1132 2075 dexter,
1184 2023 1339 2065 sinister
1382 2023 1574 2078 pluribus
1611 2023 1741 2075 longe

138 2082 517 2135 crassioribusque,
570 2082 742 2125 constet.
811 2084 875 2127 Ea
910 2096 1051 2128 autem
1103 2087 1262 2130 finistro
1313 2088 1554 2129 ventriculo
1606 2084 1740 2139 figura

138 2146 219 2199 est,
253 2157 299 2187 vt
335 2144 457 2188 facile
493 2148 753 2201 primaeuam
789 2150 944 2192 canalis
981 2154 1169 2194 contorti
1205 2152 1414 2201 formam,
1463 2161 1612 2202 parum
1647 2162 1744 2190 mu-

138 2220 290 2262 tatam,
342 2210 385 2251 in
421 2224 475 2253 eo
511 2224 809 2267 recognoscas.
879 2214 1063 2259 Dilatata
1097 2227 1140 2259 et
1174 2218 1217 2259 in
1252 2213 1567 2269 longitudinem
1611 2214 1741 2254 etiam

135 2274 305 2319 extensa
339 2275 419 2318 effe
454 2277 624 2321 videtur
673 2277 851 2324 inferior
900 2294 997 2338 pars
1053 2283 1235 2337 canaliS,
1290 2292 1370 2336 qua
1423 2287 1620 2322 curuatus
1667 2279 1738 2318 iste

935 2345 986 2389 li
1022 2358 1048 2398 3
1575 2343 1739 2386 crucia—
