2007 2677
785 238 936 253 ···-
971 220 1128 277 (138)
1162 236 1318 264 ===

247 353 414 397 tempus
459 337 600 380 'subito
644 334 720 378 fiet
755 328 1252 411 Ξ”ἵ’((“γῑέ’ῐ“4·’“’”,
1304 345 1429 392 atque
1481 336 1584 381 hinc
1632 354 1683 386 ea
1735 354 1844 398 quae

251 419 357 460 olim
393 416 444 456 de
480 415 633 455 talibus
670 413 861 455 motibus
899 414 989 455 sum
1023 424 1352 468 commentatus,
1375 418 1640 459 necessariam
1668 421 1846 463 illustra·

251 484 415 523 tionem
470 480 778 534 adipiicuntur3
830 479 902 520 vbi
954 480 1162 534 imprimis
1215 479 1426 521 obieruari
1461 494 1658 536 oportet,
1712 485 1844 538 ipsam

252 544 459 588 fric‘tionis
515 546 790 599 quantitatem
844 544 914 586 hic
968 557 1054 585 non
1097 544 1141 584 in
1176 554 1427 596 computum
1461 547 1662 600 ingredi,
1714 559 1843 603 atque

253 612 438 652 eundem
475 611 674 653 effectum
708 610 787 652 effe
821 609 1119 666 proditurum,
1153 609 1391 651 dummodo
1428 609 1562 654 frictio
1598 625 1686 655 non
1719 614 1844 671 plane

254 675 489 719 euanescat.

453 806 490 859 ᾗ.
528 818 602 855 33.
672 806 805 859 Quod
840 816 971 857 porro
1007 805 1057 844 ad
1092 816 1167 842 eos
1204 802 1328 843 binos
1365 803 1480 844 casus
1516 804 1691 858 attinet,
1737 819 1848 861 quos

253 870 377 924 'supra
410 879 575 910 remota
610 869 729 910 omni
767 867 957 909 stiffione
993 867 1253 919 euoluimus,
1287 866 1358 907 vbi
1387 867 1659 910 interuallum
1680 883 1701 910 c
1722 883 1850 925 quam

255 948 420 976 numm
414 948 483 974 im
537 933 616 974 fuit
650 934 896 984 assumtum,
933 932 1076 972 omnia
1110 940 1252 972 motus
1288 932 1583 985 phaenomena
1618 936 1747 977 etiam
1782 949 1853 977 ac-

256 1000 432 1041 cedente
463 997 654 1038 frid‘tione
683 996 803 1036 fimili
836 1008 1008 1048 quoque
1037 996 1170 1035 modo
1192 994 1468 1046 definientur,
1507 996 1713 1040 formulae
1735 1001 1854 1042 enim

247 1055 299 1106 hx
302 1077 338 1103 c
373 1063 633 1115 pertinentes
669 1074 691 1100 a
726 1058 1008 1112 superioribus
1045 1059 1087 1098 in
1123 1057 1207 1098 hoc
1243 1060 1499 1111 potiffimum
1537 1062 1851 1116 discrepabunt,

259 1126 375 1181 quod
411 1126 480 1166 hic
517 1125 617 1165 loco
655 1123 897 1177 quantitatis
926 1123 949 1163 k
979 1123 1101 1164 scribi
1124 1131 1321 1175 oporteat
1341 1120 1408 1161 h:
1416 1123 1602 1173 V((a-
1612 1126 1670 1176 cj·
1680 1126 1849 1180 -ι-ΙεΙε),

257 1191 536 1245 quamobrem
579 1190 707 1229 etiam
749 1188 811 1228 isti
855 1197 1001 1228 motus
1046 1187 1248 1227 lentiores
1285 1195 1408 1226 erunt
1444 1199 1570 1239 quam
1605 1186 1697 1226 casu
1732 1188 1853 1241 supra

252 1257 440 1297 traditito.
511 1254 628 1295 Haec
681 1253 809 1306 igitur
861 1252 949 1293 fere
993 1251 1085 1292 sunt
1128 1251 1273 1291 omnia
1318 1264 1422 1304 quae
1459 1250 1569 1291 circa
1603 1250 1855 1296 huiusmodi

254 1331 396 1363 motus
432 1319 555 1373 globi
590 1318 868 1372 heterogenei
902 1329 978 1372 per
1013 1316 1225 1359 calculum
1261 1315 1436 1357 definire
1471 1315 1592 1357 licet.

450 1462 486 1516 ς.
525 1473 599 1513 34.
669 1458 902 1501 Coronidis
946 1458 1048 1500 loco
1094 1458 1320 1511 adiungam
1355 1455 1606 1499 Theoi-ema
1640 1470 1853 1502 memora·

258 1541 302 1573 tu
348 1529 526 1582 dignum
574 1526 683 1566 circa
718 1525 930 1579 triplicem
967 1533 1135 1564 motum
1170 1521 1492 1576 oscillatorium,
1530 1536 1617 1579 quo
1651 1537 1849 1582 corpora,

256 1596 397 1652 qualia
430 1593 474 1634 in
510 1591 546 1647 ς.
584 1603 659 1642 32.
695 1588 788 1632 sunt
822 1588 1055 1644 descripta,
1091 1587 1236 1642 agitari
1270 1585 1455 1643 poffunt.

872 1713 1228 1774 Theorema.

453 1815 496 1858 Si
531 1816 736 1859 habeatur
782 1829 938 1870 corpus
975 1816 1260 1869 quodcunque
1295 1810 1383 1853 PR
1405 1809 1482 1866 Q,
1536 1809 1618 1852 bafi
1653 1809 1848 1854 circulari

251 1882 324 1926 seu
361 1880 572 1935 sphaerica
605 1883 647 1921 in
684 1882 719 1923 R
755 1880 1017 1936 praeditum,
1055 1880 1170 1921 cuius
1208 1886 1403 1919 centrum
1437 1876 1485 1915 sit
1519 1874 1562 1916 in
1585 1874 1639 1927 C,
1674 1885 1717 1917 et
1751 1890 1850 1918 cen-

256 1958 369 1989 trum
405 1945 617 1999 grauitatis
654 1946 695 1985 in
735 1946 799 1999 Ga
835 1945 922 1986 eius
957 1956 1061 1984 vero
1096 1944 1217 1985 massa
1252 1941 1320 1982 seu
1356 1941 1526 1995 pondus
1563 1939 1849 1990 fueritzP5

255 2013 299 2055 in
336 2024 389 2052 eo
425 2009 580 2062 triplex
615 2020 756 2050 motus
792 2008 1071 2050 oscillatoiius
1108 2005 1358 2050 confiderari
1393 2004 1550 2059 potest:
1595 2005 1644 2045 1⁰.
1683 2005 1726 2046 Si
1764 2006 1850 2048 hoc

258 2088 415 2129 corpus
452 2074 560 2114 circa
595 2085 717 2113 axem
754 2074 1063 2115 horizontaiem
1099 2086 1174 2128 per
1211 2070 1248 2113 C
1284 2069 1566 2111 tranieuntem
1603 2083 1723 2110 more
1745 2083 1852 2124 pen·

251 2143 347 2183 ‘idlli
384 2139 514 2179 libere
550 2136 786 2185 oscilletur;
824 2147 915 2177 tum
950 2138 1180 2189 pendulum
1218 2136 1395 2189 fimplex
1429 2133 1705 2175 iiochronum
1728 2147 1850 2188 repe-

257 2209 425 2254 rietur,
476 2203 503 2242 fi
540 2210 808 2242 momentum
853 2202 1024 2244 inerti-ie
1073 2202 1197 2243 huius
1234 2199 1428 2254 corporis
1462 2198 1648 2251 respec'tu
1684 2199 1773 2240 axis
1811 2195 1848 2238 C

256 2273 440 2315 sumtum
479 2261 687 2307 diuidatur
721 2280 796 2319 per
829 2267 1079 2319 ‘prodnetum
1100 2266 1146 2306 P.
1171 2264 1206 2307 C
1232 2264 1284 2306 G.
1355 2259 1425 2303 11⁰.
1463 2263 1506 2304 Si
1541 2263 1656 2303 idem
1693 2271 1846 2312 corpus

255 2337 385 2394 plano
420 2331 666 2389 politiffimo
695 2330 952 2373 horizontali
987 2330 1068 2374 lo
1104 2331 1147 2372 in
1183 2331 1219 2372 R
1244 2326 1520 2382 incumbens,
1557 2326 1845 2369 vacillationes

1772 2399 1853 2429 nu-
