2007 2677
697 135 1041 190 ==(201>
1074 151 1228 178 Ξ,

150 257 270 300 vallo
307 256 430 298 vnins
467 253 604 295 lineae
640 250 791 293 distent
825 263 848 291 a
881 249 1048 306 punffis
1086 251 1116 306 β
1150 258 1195 292 et
1214 263 1280 309 γ,
1315 260 1456 306 neque
1489 260 1597 294 veto
1621 253 1772 306 aglin.

152 324 217 365 vti
254 322 351 367 Cel.
380 317 586 363 Bernoulli
617 317 856 358 inuenerat.

711 464 1219 547 Experimentum.

348 576 385 631 ᾗ.
427 589 500 628 23.
580 576 840 634 Quanquam
895 578 999 619 haec
1055 577 1201 618 omnia
1252 575 1492 618 firmiffimis
1547 578 1768 634 principiis

153 642 393 686 innituntur
427 654 470 682 et
506 655 605 683 cum
641 644 926 698 applicatione
962 640 1275 691 Bernoulliana,
1326 653 1552 694 quousque
1593 644 1768 696 quidem

152 708 266 749 Viro
303 707 576 748 lllustrillimo
613 719 706 748 cam
743 705 943 761 prosequi
979 705 1223 759 placuerat,
1267 703 1561 759 pei-festillime
1598 708 1766 761 conspi-

151 782 269 821 rant,
309 773 364 813 ita
399 782 447 811 vt
482 771 648 812 nullum
685 772 865 813 dubium
899 768 1103 824 superesse
1140 779 1284 823 queat,
1321 769 1421 822 quin
1459 778 1603 810 motus=
1641 771 1765 811 nostri

151 837 329 891 penduli
365 849 511 878 reuera
546 837 603 877 ita
638 836 677 877 se
714 836 922 887 habeant,
960 834 1330 888 quemadmodum
1367 834 1436 875 hic
1470 833 1563 874 sunt
1599 834 1769 888 assigna-

154 902 209 941 ti:
265 911 433 950 tamen,
485 913 537 940 ne
586 901 672 942 illa
709 899 880 954 supersit
915 899 1137 940 dubitandi
1173 900 1307 949 ratio,
1359 908 1591 952 Vtrumque
1626 897 1770 940 casum

152 965 460 1020 experimentis
516 963 722 1006 subiicere
778 962 1091 1004 constitueram.
1185 962 1334 1003 Pataui
1386 963 1501 1004 hunc
1544 964 1588 1003 in
1634 963 1770 1005 finem

155 1030 242 1070 duo
295 1042 477 1084 corpora
529 1029 732 1082 plumbea
795 1028 970 1068 conicae
1025 1025 1185 1080 figurae
1207 1055 1221 1077 .,
1284 1026 1464 1066 alterum
1523 1039 1604 1078 10,
1665 1028 1772 1069 alte-

153 1107 249 1134 rum
289 1099 339 1142 53
375 1094 718 1145 semiunciarum,
748 1092 892 1144 (30et
915 1104 970 1145 17
992 1090 1232 1146 Solotnik>,
1270 1103 1376 1144 quae
1413 1090 1489 1131 filo
1526 1091 1769 1132 tenuissimo

153 1158 436 1211 longitudinis
461 1170 544 1210 273
572 1158 645 1199 lin.
675 1156 794 1212 paris.
825 1157 966 1204 iunxi;
1005 1166 1047 1196 et
1084 1156 1485 1209 quomodocunque
1523 1155 1607 1196 hoc
1645 1155 1770 1208 syste-

155 1236 222 1263 ma
260 1220 613 1277 suspendebatur,
665 1222 750 1263 siue
786 1221 1087 1276 corpusculum
1123 1221 1293 1274 grauius
1331 1219 1522 1272 inferne,
1573 1219 1660 1262 fiue
1697 1219 1764 1262 su·

153 1300 284 1342 perne
320 1298 409 1328 erat
443 1285 709 1339 suspensum,
745 1286 912 1340 semper
948 1295 1092 1326 motus
1129 1285 1305 1340 penduli
1344 1284 1496 1336 huius,
1542 1284 1766 1338 postquam

156 1353 291 1393 modo
327 1350 583 1407 praescripto
603 1351 654 1393 ad
684 1364 784 1391 eum
814 1350 1136 1403 concitabatur,
1172 1348 1465 1404 persec'tissime
1488 1361 1585 1390 cum
1608 1348 1769 1390 Theo-

153 1418 214 1459 ria
250 1416 521 1472 conspirauit.
590 1415 794 1470 Vtroque
831 1413 924 1456 casu
961 1424 1107 1456 motus
1144 1408 1383 1470 reciproci,
1435 1413 1572 1454 modo
1607 1413 1768 1455 tardio-

154 1494 219 1523 res
258 1483 392 1523 modo
429 1481 658 1521 celeriores
711 1479 1011 1533 excursiones,
1064 1480 1271 1533 regressus
1324 1479 1566 1520 intermedii
1611 1488 1655 1519 et
1690 1478 1766 1521 sta·

155 1546 295 1587 tiones
348 1546 389 1587 se
438 1544 722 1599 praebebant,
755 1546 914 1587 mirum
971 1553 1203 1600 quantum,
1238 1543 1460 1585 Theoriae
1495 1542 1761 1585 conformes.

155 1609 273 1666 Quin
311 1612 419 1652 adeo
456 1610 496 1650 in
533 1621 716 1663 corpore
767 1607 971 1652 inferiore
1025 1617 1245 1651 momenta
1288 1607 1360 1649 illa
1397 1607 1549 1659 dubia,
1605 1607 1762 1661 quibus

155 1675 348 1716 celeritas
393 1674 603 1728 angularis
640 1673 722 1714 fine
773 1676 955 1730 regressu
1007 1674 1124 1716 nulla
1172 1672 1385 1724 euaserat,
1428 1674 1470 1712 in
1506 1672 1660 1713 oculos
1697 1672 1763 1712 iu·

154 1740 396 1780 currebant.
470 1739 548 1780 His
602 1739 732 1792 igitur
784 1739 1085 1793 experimentis
1123 1751 1210 1780 non
1265 1736 1403 1779 solum
1445 1737 1654 1792 principia
1691 1736 1762 1778 hic

155 1802 327 1855 vsstata,
363 1804 431 1845 sed
466 1805 596 1844 etiam
652 1802 820 1844 celebre
855 1804 958 1845 illud
995 1805 1255 1860 principium
1288 1801 1636 1854 Bernoullianum,
1674 1814 1761 1843 non

155 1868 431 1910 mediocriter
466 1867 787 1909 confirmantur.
835 1866 1048 1922 Quantam
1084 1868 1287 1910 fiduciam
1322 1867 1425 1908 haec
1447 1867 1762 1922 experimenta,

155 1945 240 1973 non
266 1932 498 1973 admodum
531 1933 736 1973 subtiliter
764 1931 964 1985 instituta,
993 1943 1251 1984 mercantur,
1272 1933 1399 1973 etiam
1430 1931 1528 1973 inde
1557 1930 1760 1973 concludi

156 1997 314 2052 potest,
370 1998 487 2049 quod
524 1997 715 2038 discessus
770 1998 943 2038 maximi
981 1998 1030 2039 ab
1067 2011 1143 2040 axe
1179 2007 1222 2038 et
1257 1995 1452 2051 percursa
1496 1996 1623 2051 spatia
1658 2006 1759 2035 cum

154 2064 202 2102 iis
241 2074 349 2115 quos
387 2062 574 2102 calculus
611 2062 858 2116 praebuerat
893 2063 1040 2117 primis
1077 2073 1262 2117 quatuor
1297 2061 1366 2103 vel
1412 2059 1483 2103 sex
1527 2058 1758 2101 oscillatio-

152 2127 276 2168 nibus
328 2126 579 2166 exac'tiffime
617 2127 943 2168 conueniebant.
1014 2128 1127 2170 Mox
1177 2129 1311 2179 enim,
1346 2126 1403 2167 ob
1449 2123 1759 2176 impedimenta

150 2192 322 2247 physica
358 2191 408 2231 ab
446 2191 691 2232 huiusmodi
743 2192 933 2234 motibus
970 2193 1288 2250 inseparabilia,
1325 2191 1368 2232 hi
1406 2187 1597 2229 disccffus
1634 2184 1757 2226 senfi-

215 2267 336 2310 Noua
356 2266 461 2308 „1510
482 2265 613 2310 Acad.
632 2266 736 2323 Imp.
755 2266 827 2311 Sc.
847 2267 890 2310 T.
911 2267 948 2310 Ι.
1247 2265 1284 2310 C
1320 2278 1342 2306 c
1613 2261 1757 2304 bilitet
