2007 2677
809 222 961 252 ====
994 207 1150 267 (334)
1182 222 1336 252 ξ

816 317 1220 383 Experimentum
1254 334 1326 383 142

466 385 503 441 ς.
545 394 615 432 18.
685 385 887 442 Experiri
939 389 1086 442 volui,
1139 403 1279 430 annon
1328 388 1560 431 salaricum
1594 389 1697 432 loco
1729 389 1870 433 fluxus

273 450 318 491 in
352 449 524 492 mineris
563 452 682 506 cupri
717 451 990 506 eXplorandis
1028 465 1126 494 cum
1162 453 1297 495 fructu
1334 453 1525 494 adhiberi
1560 455 1716 508 poffet;
1752 455 1872 495 ideo-

277 527 360 568 que
396 516 602 557 mineram
636 517 756 573 cupri
791 516 969 557 diuitem
1018 516 1272 572 quartsofam
1319 517 1536 559 vstuiatam
1569 519 1611 558 in
1646 518 1871 574 puluerem

272 579 433 634 redegi.

468 668 607 710 Huius
663 669 847 711 minerae
899 670 1155 713 semunciam
1206 682 1304 711 cum
1347 668 1420 711 sex
1461 668 1672 710 drachmis
1721 669 1869 712 fluoris

276 731 412 786 nigri,
450 734 610 774 duabus
646 735 833 787 pulueris
869 736 997 786 vitri,
1049 745 1091 774 et
1125 734 1325 774 drachma
1360 734 1552 784 boracis,
1586 733 1870 788 drachmaque

278 796 559 850 colophonii,
611 798 834 838 crucibulo
871 797 1076 838 commisi.
1146 797 1311 837 Prodiit
1353 796 1522 850 regulus
1559 797 1687 836 trium
1723 797 1873 838 drach·-

277 871 443 900 marum
476 859 694 913 pondere,
730 873 785 901 ex
818 873 959 913 eoque
996 862 1138 900 denuo
1175 872 1273 899 cum
1315 860 1481 899 boracis
1517 868 1559 899 et
1605 861 1743 899 tartari
1779 873 1873 900 cru-

279 923 322 962 di
345 924 503 964 anatica
522 923 747 976 portione,
782 922 1024 975 regulinum
1061 922 1281 962 metallum
1314 921 1517 972 rubrum,
1555 921 1728 976 fragile,
1764 936 1874 977 pon-

277 986 377 1026 dere
414 985 801 1038 sesquidrachmae3
838 998 862 1025 e
900 998 985 1039 quo
1021 999 1096 1039 per
1132 984 1360 1041 plumbum
1395 986 1601 1041 depurato
1638 987 1757 1042 cupri
1790 1001 1871 1044 pu-

276 1050 311 1089 ri
349 1048 516 1103 triginta
553 1049 740 1103 quinque
776 1062 902 1104 grana
937 1049 1209 1092 emerserunt.

830 1171 1231 1237 Experimentum
1264 1187 1319 1235 15.

467 1241 662 1283 Minerae
708 1242 827 1297 cupri
878 1244 1070 1284 eiusdem
1105 1245 1302 1285 vstulatae
1339 1242 1594 1284 semunciam
1632 1255 1729 1283 cum
1764 1243 1872 1284 inte-

275 1316 350 1359 gra
386 1302 555 1346 Salarici
591 1306 844 1348 mosellensis
880 1309 1028 1360 vncia,
1081 1308 1291 1348 drachmis
1330 1309 1490 1349 duabus
1539 1307 1792 1361 colophonii
1829 1318 1872 1348 et

279 1369 479 1409 drachma
523 1370 710 1423 pulueris
757 1370 1015 1422 carbonum,
1068 1372 1289 1412 crucibulo
1323 1372 1489 1425 ingeffi5
1541 1373 1737 1424 regulum
1772 1372 1871 1412 inde

279 1432 449 1472 obtinui
500 1433 786 1473 rubicundum
824 1433 1183 1484 didrachmalem‚
1238 1435 1308 1486 qui
1346 1434 1455 1474 fusus
1492 1436 1644 1474 iterum
1681 1448 1777 1474 cum
1815 1435 1872 1476 sa-

278 1495 397 1537 larici
434 1495 646 1537 semuncia
682 1497 1054 1550 sesquidrachmali
1090 1497 1278 1550 pondere
1316 1496 1408 1537 fuit.
1478 1498 1577 1538 Puri
1613 1500 1731 1554 cupri
1773 1499 1868 1540 inde

276 1560 439 1615 prodiit
473 1560 642 1616 pondus
679 1561 847 1615 triginta
884 1562 1070 1615 quinque
1106 1573 1351 1614 granorum.

471 1687 592 1729 Idem
628 1689 996 1745 experimentum,
1032 1701 1130 1728 cum
1166 1688 1351 1730 Salarico
1387 1702 1408 1730 a
1444 1703 1511 1730 me
1546 1697 1715 1744 parato„
1753 1689 1869 1729 dedit

281 1751 400 1805 cupri
436 1754 530 1805 puri
567 1754 736 1807 triginta
771 1767 927 1794 nouem
980 1766 1104 1805 grana
1156 1767 1252 1794 cum
1307 1755 1499 1793 dimidio.
1570 1753 1631 1794 Vt
1674 1754 1791 1808 plura
1825 1754 1867 1792 in

283 1826 417 1868 cupro
452 1815 635 1858 instituta
671 1820 898 1859 tentamina
931 1817 1094 1857 filentio
1131 1818 1344 1859 transeam.

473 1941 509 1994 ᾗ.
550 1955 621 1982 21.
690 1944 832 1985 Etiam
869 1943 977 1983 circa
1030 1943 1127 1985 ferri
1177 1944 1356 1985 mineras
1392 1945 1503 1985 varia
1548 1956 1643 1984 cum
1682 1943 1866 1985 Salarico

281 2004 530 2046 Moscuenfi
565 2015 606 2046 et
636 2021 657 2047 a
684 2021 750 2047 me
787 2016 931 2061 parato
968 2009 1191 2050 tentamina
1228 2010 1405 2055 institui;
1443 2022 1548 2061 quae
1585 2021 1686 2049 vcro
1725 2009 1867 2048 omnia

284 2069 393 2109 male
431 2070 647 2110 cesserunt.
718 2071 873 2125 Neque
910 2071 959 2111 ad
997 2073 1328 2114 combinandum
1380 2085 1477 2113 cum
1530 2071 1642 2113 ferro
1678 2072 1866 2113 stannum

285 2132 468 2175 Salarico
503 2134 633 2174 virtus
671 2133 762 2174 fuit.

476 2233 512 2286 ᾗ.
553 2248 624 2275 22.
693 2234 763 2276 Ex
796 2235 877 2275 istis
913 2237 1111 2279 omnibus
1146 2240 1298 2281 videor
1349 2238 1602 2280 concludere
1638 2238 1744 2279 mihi
1780 2248 1869 2276 cer·

1714 2377 1731 2401 ἶ
1742 2391 1751 2402 .
1786 2362 1866 2403 Ba-
