2007 2677
665 180 820 208 ====
853 166 1011 222 (28³)
1044 184 1201 222 ==

198 303 273 343 47.
306 284 459 328 Fibrae
503 294 560 324 ex
602 281 720 323 nodo
765 281 1042 336 cartilagineo
1086 282 1246 326 sinistro
1282 283 1436 329 etfilo
1471 287 1738 347 finistro-an-

326 350 475 391 teriori
509 358 643 390 ortae.

198 438 276 482 48.
311 427 460 469 Fibrae
495 437 552 464 ex
585 421 743 463 eodem
780 421 856 463 filo
892 423 1051 466 finistro
1087 435 1238 479 ortae,
1291 426 1335 468 in
1372 426 1494 472 fascia
1547 433 1737 474 coronali

315 492 386 538 aad,
412 487 682 543 superficiem
716 487 997 543 posteriorem
1033 491 1323 534 continuatae.

194 583 272 622 49.
324 565 474 607 Fibrae
511 566 665 620 partim
700 579 756 608 ex
791 566 908 608 fibris
961 567 1069 622 (44.
1105 581 1183 620 42.
1221 579 1295 618 33.
1333 570 1432 624 36.)
1485 573 1639 627 partim
1684 588 1741 618 cx

280 674 282 679 ,
321 630 406 672 illis
444 631 575 684 (34.)
611 640 657 672 et
690 630 774 672 illis
833 632 965 687 (46.)
1001 633 1199 688 adeoque
1235 647 1292 675 ex
1326 637 1529 690 vortice,
1571 640 1739 683 exfilo

323 696 602 750 cartilagineo
639 696 839 736 anteriori
890 697 1044 737 dextro
1079 709 1122 738 et
1158 698 1299 739 radice
1335 702 1610 756 cartilaginea
1645 705 1742 748 fini·

321 760 403 810 stra,
434 770 580 811 ortae,
614 769 660 800 et
695 759 899 801 collectae
934 761 978 800 iu
1014 760 1283 815 superficiem
1319 764 1490 818 planam
1526 770 1738 812 auriculae

320 824 499 865 sinistrae
537 825 822 865 continuatae.
896 824 1018 880 Quae
1056 826 1186 878 fibrae
1224 827 1297 868 sub
1334 830 1566 871 auriculam
1602 835 1645 873 in
1682 834 1741 874 se-

323 899 529 943 quentem
565 887 711 929 fasciae
749 890 965 930 coronalis
1000 901 1166 947 partem
1203 891 1295 947 (t.)
1332 895 1584 949 continuant
1619 912 1640 938 ,ι
1675 898 1742 940 so-

323 954 368 995 lo
405 952 480 994 filo
516 951 674 993 finisti-o
711 952 922 993 oriuntur.

198 1043 273 1083 50.
327 1030 476 1075 Fibrae
513 1044 534 1072 a
569 1030 775 1085 pediculo
810 1028 1003 1071 inferiori
1043 1026 1254 1082 auriculae
1293 1035 1467 1078 dextrae
1504 1039 1736 1084 deriuatae.

197 1122 270 1162 51.
324 1109 485 1151 Earum
521 1109 816 1162 continuatio,
867 1121 948 1164 qua
984 1122 1129 1151 arcum
1166 1110 1384 1168 efficiunt,
1420 1116 1601 1159 arcubus
1639 1118 1738 1173 (34.

325 1185 366 1216 et
404 1175 500 1227 36.)
539 1172 825 1238 conformem.

198 1265 271 1304 52.
327 1251 575 1294 Earundem
630 1251 924 1311 continuatiO,
975 1253 1200 1308 postquam
1237 1255 1288 1296 ad
1323 1255 1478 1298 lineam
1516 1259 1638 1315 (43.)
1675 1260 1740 1301 in-

323 1316 456 1358 flexae
494 1315 602 1357 sunt.
765 1316 768 1320 ’

199 1405 269 1444 53.
308 1393 553 1434 Earundem
590 1383 858 1434 continuatio
894 1407 972 1448 per
1015 1393 1283 1450 superficiem
1316 1398 1489 1453 planam
1525 1402 1738 1445 auriculae

323 1458 513 1499 sinistrae.

199 1547 270 1587 54.
306 1534 456 1576 fibrae
488 1546 592 1588 quae
623 1529 831 1576 videntur
864 1548 920 1577 ex
954 1535 1112 1577 eodem
1148 1536 1352 1592 pediculo
1388 1541 1602 1585 auriculae
1633 1543 1738 1588 dex-

325 1610 437 1650 trae,
474 1598 542 1639 seu
578 1610 695 1652 parte
730 1598 926 1641 inferiori
963 1601 1187 1654 eiusdem⁷
1220 1605 1343 1645 oriri.

199 1688 270 1727 55.
316 1677 563 1718 Earundcm
600 1689 674 1729 per
707 1678 900 1719 medium
936 1678 1070 1719 finum
1106 1681 1403 1733 pulmonalem
1441 1685 1737 1741 continuatio,

327 1755 406 1795 qua
442 1754 519 1795 per
556 1739 697 1780 sedem
733 1742 854 1796 (53.)
890 1744 1049 1798 pariter
1084 1746 1294 1786 coarcitae
1330 1760 1430 1788 cum
1468 1749 1585 1790 fibris
1613 1751 1736 1806 (49.)

322 1805 364 1845 in
403 1804 669 1860 superficiem
704 1806 873 1859 planam
908 1808 1121 1850 auriculae
1158 1810 1336 1852 sinistrae
1373 1813 1604 1855 transeunt.

200 1887 271 1933 56.
326 1884 640 1926 Transucrsalis
677 1887 890 1940 anterior,
942 1889 1146 1931 cellulosa
1200 1901 1391 1944 tantum,
1444 1894 1656 1948 imprimis
1695 1898 1736 1939 in

322 1961 438 2003 parte
484 1950 726 1992 dexteriore
779 1951 886 2006 (56.
926 1963 998 2007 57.
1039 1964 1113 2005 58.
1155 1957 1277 2010 59.),
1327 1959 1478 2012 parieti
1531 1962 1733 2004 anteriori

322 2013 485 2055 finuum
523 2028 725 2057 annexus.

198 2101 270 2142 57.
309 2090 458 2132 Fibrae
494 2093 585 2133 eius
620 2094 661 2133 in
698 2093 965 2149 superficiem
1001 2098 1171 2152 planam
1206 2100 1418 2143 auriculae
1445 2101 1730 2145 continuatae.

198 2178 270 2219 53.
309 2169 406 2210 Alia
442 2170 584 2212 similis
621 2159 821 2215 fibrarum
859 2171 995 2217 fascia.

200 2258 272 2297 59.
310 2245 409 2290 Pars
436 2247 624 2291 'musculi
652 2251 695 2294 in
718 2256 886 2295 crenam
923 2254 1036 2294 inter
1071 2254 1302 2297 auriculam
1324 2262 1379 2319 et·
1394 2251 1528 2317 finum
1563 2254 1729 2300 inserta.

933 2344 976 2386 N
998 2329 1033 2386 n·
1063 2357 1088 2384 2
1247 2343 1252 2349 '
1419 2330 1421 2334 ’
1654 2350 1729 2390 60.
