2007 2677
690 186 842 214 ===
878 171 1034 227 (241)

149 300 266 352 parte
303 303 410 344 ergo
446 288 564 330 striae
599 285 845 328 extremitas
900 285 1130 326 retrorsum
1186 286 1326 338 cedit,
1381 299 1429 328 ea
1464 290 1591 332 etiam
1629 294 1763 346 magis

149 356 378 401 ventriculi
416 367 525 409 apex
559 348 789 394 retrorsum
828 350 892 391 his
929 352 1078 405 primis
1108 351 1270 395 ordinis
1301 351 1471 394 secundi
1508 355 1624 396 fibris
1660 370 1762 412 pro-

150 421 347 465 moueri,
384 430 427 461 et
470 428 638 472 margO,
690 417 847 470 pariter
882 429 927 458 ac
965 425 1083 458 totus
1119 416 1409 472 ventriculus,
1465 418 1638 464 breuior
1672 421 1763 464 fieri

149 486 302 544 potest.

239 601 394 664 ⁴Q'm'bus
429 602 555 660 causis
590 614 686 658 ergo
722 601 1037 645 concurrentibus
1071 616 1172 645 vera
1207 604 1418 648 ventriculi
1460 605 1676 649 contrac'iio

565 681 867 736 longitudinali.··
900 681 963 722 his
984 680 1109 733 fibris
1144 680 1352 736 efficiatur.

343 791 412 835 Sic
449 793 582 834 multa
618 805 723 847 ergo
779 790 896 845 sunt,
953 804 1060 846 quae
1113 800 1378 832 concurrunt
1413 791 1462 833 ad
1510 794 1767 835 contrafcio·

148 870 250 900 nem
287 858 513 899 uentriculi
550 857 939 911 longitudinalem,
993 867 1085 898 tum
1120 856 1239 898 fibris
1275 857 1510 912 generatim
1548 859 1764 906 externis,

150 934 243 965 tum
279 923 491 977 imprimis
528 922 593 963 his
641 920 843 974 funibus,
897 921 1193 973 efficiendam,
1252 935 1357 976 quae
1400 921 1562 977 singula
1606 922 1766 964 scilicet

149 989 416 1042 aliquantum
453 987 504 1028 ad
540 999 634 1027 eam
688 986 1025 1027 contractionem
1080 986 1317 1039 augendam
1371 987 1546 1028 addunt.
1617 987 1764 1031 Primo

151 1053 328 1108 quidem
375 1064 525 1106 margo
561 1060 604 1091 et
637 1063 733 1104 pars
768 1050 978 1105 posterior
1011 1051 1316 1104 exteriorque,
1372 1050 1543 1092 funibus
1581 1065 1768 1107 occupa-

150 1127 217 1166 ta,
274 1116 509 1172 superficiei
565 1128 786 1156 connexae
839 1115 947 1156 adeo
992 1115 1286 1167 contrahitur,
1338 1125 1384 1156 vt
1420 1115 1491 1156 ille
1529 1116 1569 1155 in
1607 1117 1766 1158 rec‘tam

149 1183 307 1223 lineam
344 1182 448 1223 haec
485 1181 526 1220 in
563 1180 733 1234 planam
783 1189 972 1221 mutetur
1025 1178 1308 1235 superficiem.
1394 1179 1607 1235 Mai-ginis
1661 1194 1767 1223 con-

150 1247 354 1287 trac‘tione
390 1258 540 1300 parum
578 1245 753 1298 quidem
789 1256 832 1286 et
864 1245 939 1286 vix
978 1245 1211 1300 quidquam
1248 1244 1481 1299 longitudo
1517 1245 1763 1300 ventriculi,

150 1311 264 1353 solus
316 1312 460 1365 potius
516 1322 666 1363 margo
729 1310 1028 1364 longitudine,
1082 1310 1366 1350 imminuitur.
1453 1308 1764 1353 Constric‘tione

151 1375 388 1430 superficiei
425 1387 645 1416 connexae
681 1375 923 1428 amplitudo
974 1375 1120 1428 potius
1159 1387 1287 1428 quam
1337 1374 1569 1427 longitudo
1605 1377 1767 1416 ventri·-

154 1441 239 1481 culi
278 1438 494 1482 decrescit.
563 1438 686 1480 Tum
720 1451 826 1480 vero
884 1451 971 1493 quo
1023 1439 1245 1493 prominet
1293 1438 1500 1493 posterius
1554 1452 1653 1494 prae
1689 1439 1766 1482 filo

151 1505 415 1546 ventriculus
451 1503 626 1556 tubere,
679 1503 797 1558 quod
833 1504 1124 1545 contrac‘tione
1160 1503 1331 1545 funium
1381 1504 1553 1558 prorsus
1589 1519 1767 1548 euanes-

153 1582 250 1610 cere
287 1570 482 1620 videtur,
517 1568 602 1609 hoc
639 1567 813 1614 breuior
846 1569 1134 1620 ventriculus,
1168 1568 1352 1610 dimidio
1389 1569 1559 1610 circiter
1587 1570 1767 1624 pollice,

153 1634 352 1677 efficitur.
437 1633 575 1674 Porro
610 1642 652 1672 et
687 1634 804 1687 apice
841 1633 916 1675 suo
953 1634 1069 1675 idem
1105 1633 1175 1674 seu
1221 1632 1331 1675 foco'
1374 1632 1595 1685 inferiori,
1645 1635 1765 1676 fibris

154 1699 382 1755 praecipue
419 1698 582 1739 vltimis
621 1695 811 1752 funium,
863 1698 1070 1754 fibrisque
1107 1698 1270 1739 ordinis
1308 1699 1449 1750 tertii,
1502 1708 1652 1751 moto,
1693 1699 1765 1753 qui

154 1765 341 1805 anterius
378 1772 476 1818 prae
514 1762 597 1803 fine
634 1762 751 1802 striae
786 1765 1027 1816 prominet,
1072 1774 1114 1804 et
1151 1768 1257 1818 qua‘e
1293 1764 1451 1818 pariter
1483 1763 1767 1819 protuberan-

154 1829 213 1869 iia
248 1828 290 1869 in
327 1827 477 1878 systole
523 1827 664 1867 cordis
711 1825 916 1880 disparere
966 1829 1163 1880 videtur,
1215 1828 1299 1869 alio
1338 1827 1451 1880 fere,
1503 1838 1550 1869 vt
1585 1830 1767 1883 opinor,

159 1892 422 1946 semipollice
460 1891 729 1945 longitudine
775 1891 1055 1935 imminuitur.
1126 1893 1332 1935 Tertium
1384 1894 1634 1935 imminutae
1669 1895 1766 1936 lon-

159 1957 362 2009 gitudinis
398 1957 623 1997 ventriculi
661 1966 932 1997 momentum
968 1958 1234 2000 interstitium
1272 1959 1389 2000 addit
1434 1959 1659 2000 dimidium
1697 1973 1768 2001 an-

160 2022 288 2062 terius
325 2021 434 2061 iuter
470 2021 538 2061 fila
575 2021 842 2075 cartilaginea
878 2022 1056 2076 finistra,
1093 2024 1290 2065 cedendo
1336 2025 1529 2067 trac'tioni
1565 2025 1765 2066 fibrarum

157 2087 391 2141 primarum]
429 2086 592 2128 ordinis
631 2085 818 2139 fecundi,
835 2100 1051 2131 Vnicum
1087 2089 1311 2130 interstitio
1343 2091 1524 2132 dimidio
1559 2088 1766 2142 posterio-

159 2153 219 2201 ri,
256 2151 358 2190 dum
396 2149 478 2191 hoc
517 2149 604 2190 suas
641 2152 764 2205 primi
802 2153 964 2194 ordinis
1002 2153 1170 2195 vltimas
1206 2154 1332 2196 fibras
1369 2155 1579 2195 trahentes
1628 2151 1766 2207 sequi-

161 2225 243 2255 tur.
315 2213 418 2268 Quo
456 2214 614 2256 scilicet
649 2227 891 2270 momento,
927 2218 1149 2273 postquam
1195 2220 1343 2261 tubere
1381 2219 1566 2257 minutus
1601 2218 1764 2258 ventri·

161 2279 283 2319 culus
320 2278 399 2331 cst,
454 2279 522 2320 hic
560 2293 690 2334 porro
726 2282 866 2336 aliqua
901 2282 995 2326 suae
1032 2285 1312 2340 longitudinis
1347 2291 1464 2336 parte
1501 2282 1578 2324 alia
1621 2282 1765 2322 immi-

225 2341 346 2384 Noua
365 2343 469 2385 Aeta
491 2344 621 2386 Aemi·
645 2345 745 2401 Imp.
766 2345 800 2388 S
803 2361 836 2389 ι·.
855 2346 898 2388 T.
919 2347 954 2389 1.
1231 2347 1271 2387 H
1309 2346 1338 2388 h
1618 2348 1763 2391 nuitur
