2007 2677
794 222 945 227 ψ
981 189 1134 242 (242)
1169 205 1357 228 m*

264 305 420 344 nuitur.
491 299 700 352 Quartum
738 298 922 354 denique
977 299 1079 355 septi
1118 301 1256 354 quoad
1309 302 1621 356 longitudinem
1658 314 1853 346 contrac-

262 369 321 407 tio
374 372 641 403 momentum
693 363 905 416 prioribus
958 367 1098 417 addit,
1153 378 1234 418 qua
1283 366 1378 406 finis
1414 368 1530 407 striae
1565 368 1706 408 versus
1744 369 1853 409 basin

258 429 457 470 retractus
494 429 640 467 locum
693 427 808 469 fibris
863 431 1085 481 concedit,
1141 438 1229 470 tum
1264 431 1410 484 primis
1448 431 1608 471 ordinis
1655 431 1851 483 secundi,

258 494 301 532 in
336 491 471 545 ipsum
506 490 636 531 finem
672 492 786 533 striae
821 493 1010 545 insertis,
1058 504 1147 534 tum
1183 495 1357 534 caeteris
1394 496 1444 535 ad
1482 496 1627 534 focum
1664 495 1851 549 superio-

257 569 348 598 rem
383 569 516 608 vsque
554 557 781 607 omnibus,
833 558 938 598 hanc
993 558 1132 598 sedem
1178 557 1442 610 insertionis,
1494 557 1641 598 focum
1675 560 1852 600 inferio-

257 634 348 662 rem
384 630 549 674 totum,
583 634 716 676 porro
754 621 863 662 basin
898 621 1038 663 versus
1075 622 1330 663 retrahendi.

328 761 482 824 ⁶Quibus
510 762 821 816 proprietatibus
854 765 1047 815 imprimis
1071 763 1205 813 fibrae
1239 763 1387 803 ordinis
1409 762 1574 816 secundi
1608 763 1665 803 ad
1695 775 1779 803 eam

683 838 871 878 amonem
907 836 1147 890 efficiendam
1182 844 1301 891 aptae
1322 837 1418 891 stm.

451 933 520 973 Eo
557 935 689 986 magis
741 947 844 973 vero
900 933 1131 972 contradito
1168 932 1270 972 haec
1306 933 1531 974 ventriculi
1566 934 1854 988 longitudina-

259 996 336 1046 lis,
374 1010 478 1050 quae
515 998 579 1037 his
615 997 730 1036 fibris
768 997 928 1036 ordinis
981 996 1176 1047 secundi,
1232 997 1384 1049 quibus
1438 1007 1577 1045 tamen
1631 1000 1855 1039 adiutrices

260 1060 389 1099 fibrae
427 1061 586 1100 ordinis
623 1061 735 1100 tertii
771 1060 1051 1100 accensendae
1102 1060 1218 1111 sunt,
1271 1061 1475 1112 efficitur,
1529 1064 1665 1102 notari
1720 1075 1855 1103 mere-

260 1134 351 1173 tur,
388 1137 484 1163 cum
521 1125 692 1177 propria
726 1137 871 1164 earum
906 1125 1012 1165 ac‘tio
1048 1124 1118 1176 fit,
1164 1136 1348 1178 cumque
1384 1134 1549 1178 praeter
1584 1127 1687 1166 solas
1724 1127 1853 1166 iuter·

256 1200 359 1237 nas,
414 1201 518 1241 quae
555 1189 871 1242 longitudinem
916 1188 1171 1243 sequuntur,
1223 1190 1362 1230 nullae
1399 1189 1502 1229 aliae
1538 1189 1579 1227 in
1616 1190 1855 1230 ventriculo

259 1251 417 1292 sinistro
455 1253 630 1304 dentur,
670 1254 773 1307 quae
803 1254 852 1293 ad
888 1266 981 1293 eam
1011 1254 1218 1293 afiionem
1255 1254 1414 1306 aliquid
1452 1252 1721 1293 contribuere
1756 1265 1856 1306 pos—

260 1315 359 1363 iint3
396 1317 646 1370 mediaeque
683 1330 859 1369 omnes,
912 1330 1090 1371 quarum
1124 1318 1307 1371 plurima
1343 1318 1459 1358 strata
1504 1317 1620 1368 sunt,
1673 1319 1856 1357 maxime

261 1380 526 1419 rmus-uerfim
576 1381 862 1420 ventriculum
915 1381 1214 1433 constringant.
1300 1381 1455 1432 Neque
1501 1381 1677 1420 obscure
1713 1381 1754 1420 in
1792 1380 1856 1421 his

261 1443 378 1483 fibris
416 1443 629 1497 dispositio
664 1443 879 1497 singularis
916 1445 967 1484 ad
1003 1456 1095 1483 eam
1132 1444 1340 1483 actionem
1385 1444 1650 1484 efficiendam
1700 1445 1854 1485 elucet.

258 1507 492 1560 Propiores
529 1520 615 1547 non
652 1508 785 1547 modo
819 1507 978 1561 vbique
1031 1507 1315 1560 longitudini,
1370 1520 1493 1560 quam
1549 1506 1688 1549 dudini
1725 1518 1855 1549 trans-

260 1570 434 1623 veritali,-
469 1572 780 1626 propioresque
817 1573 1004 1612 externis
1041 1571 1265 1611 ventriculi
1302 1571 1439 1612 dextri
1484 1573 1591 1621 effe,
1643 1572 1710 1612 sed
1747 1573 1852 1612 adeo

264 1637 529 1688 quoq-dead
560 1636 798 1689 marginem
833 1636 1044 1690 imprimis
1081 1645 1171 1675 tum
1207 1636 1366 1675 ordinis
1404 1635 1572 1676 secundi
1608 1635 1756 1684 fibras,
1801 1634 1852 1673 de

263 1699 418 1752 quibus
470 1699 608 1740 sermo
644 1700 725 1751 est,
773 1700 870 1740 'tu'm
905 1710 948 1740 et
982 1699 1091 1739 tertii
1129 1708 1171 1738 et
1220 1700 1423 1753 plurimas
1478 1699 1610 1752 quarti
1665 1698 1852 1749 ordinis,

261 1762 593 1816 longitudinales
630 1765 865 1817 procedere
902 1773 1093 1804 notatum
1129 1763 1209 1815 est,
1245 1773 1290 1804 vt
1325 1763 1502 1804 omnino
1538 1762 1854 1814 longitudinem

265 1827 303 1865 in
340 1840 387 1867 ea
424 1828 596 1880 quidem
632 1829 808 1880 regione
845 1829 1091 1880 sequantur,
1142 1837 1184 1867 et
1219 1837 1416 1881 tanquam
1451 1839 1574 1866 verae
1619 1825 1854 1878 longitudi-

262 1890 375 1933 nales
413 1903 547 1943 prope
585 1891 835 1932 considerari
871 1892 1034 1944 pollint.
1103 1892 1180 1933 Vti
1225 1891 1303 1932 hae
1350 1890 1460 1931 solae
1501 1902 1674 1942 quoque
1710 1898 1852 1929 exter-

261 1967 365 2005 nae,
400 1954 609 2006 imprimis
647 1955 808 1995 ordinis
843 1955 1037 2005 secundi,
1088 1956 1216 1996 fibrae
1252 1956 1302 1996 ad
1354 1954 1711 2008 longitudiualem
1749 1965 1853 1992 con-

264 2019 513 2059 tractionem
548 2018 814 2059 efficiendam
850 2029 966 2071 aptae
1003 2022 1299 2067 inueniuntur3
1355 2029 1480 2073 atque
1518 2018 1710 2058 craffities
1746 2028 1852 2057 vero

263 2083 397 2123 carnis
449 2083 632 2123 maxima
668 2083 708 2121 iu
757 2084 927 2123 dimidia
977 2093 1091 2136 parte
1143 2083 1366 2138 posteriori
1418 2082 1670 2133 ventriculi,
1722 2081 1851 2134 longe

263 2146 405 2187 minor
440 2146 482 2186 in
518 2146 742 2197 anteriori,
778 2156 819 2186 et
853 2147 902 2187 ad
939 2149 1126 2199 apicem,
1162 2149 1240 2196 est3
1279 2149 1411 2197 adeo,
1446 2156 1518 2198 vt,
1553 2145 1580 2184 fi
1618 2145 1852 2196 tenuiores,

262 2218 333 2250 aut
368 2212 540 2251 caeteris
592 2211 823 2251 ventriculi.
868 2210 1007 2250 sinistri
1059 2217 1251 2267 aequales
1303 2211 1571 2264 fimi¹esque,
1601 2210 1685 2250 *hae
1722 2209 1849 2248 fibrae

263 2274 417 2327 essent,
470 2275 696 2317 craxiiffima
744 2275 842 2316 illae
892 2277 1032 2316 media
1083 2277 1199 2319 strata
1233 2278 1276 2318 in
1311 2274 1744 2332 posteriori-regione
1779 2272 1852 2311 vix

1729 2364 1731 2367 -
1755 2334 1848 2374 sane
