2007 2677
805 215 957 232 --—--
991 194 1145 254 (266)
1177 198 1331 239 πετὲ-ὲ.

343 330 412 356 22.
448 313 544 353 Pars
581 310 658 351 alia
693 308 841 351 harum
876 311 1077 353 fibrarum
1112 311 1153 352 in
1189 325 1358 353 crenam
1391 311 1558 356 inserta.

342 403 413 438 23.
450 388 657 430 Foramen
691 399 781 441 quo
816 400 956 429 ramus
993 389 1165 429 arteriae
1201 389 1302 430 exit.

342 478 414 516 24.
445 478 467 503 2
507 477 622 521 ·.²‚4·
656 475 727 513 25.
760 467 831 503 26.
868 477 938 516 27.
971 474 1042 510 28.
1075 478 1144 515 29.
1178 478 1248 516 29.
1277 478 1349 514 30.
1372 477 1445 513 31.
1483 465 1619 507 Fascia
1655 466 1861 519 angularis

467 529 535 569 seu
572 528 701 569 fibrae
736 529 972 581 angulares,
992 543 1097 583 quae
1134 539 1249 569 ortae
1287 543 1307 569 a
1342 528 1418 570 fiio
1455 531 1728 584 cartilagineo
1763 543 1862 584 pos-

467 593 612 633 teriori
649 594 801 633 dextro
837 594 946 634 circa
981 593 1183 646 angulum
1219 593 1469 644 fleetuntur,
1505 607 1688 648 eumque
1726 595 1866 634 inuol-

466 668 598 709 vunt7
649 667 692 698 et
725 657 807 697 fine
843 658 1015 712 angusto
1050 658 1092 697 in
1129 670 1298 697 crenam
1333 657 1597 710 inseruntur,
1649 659 1866 712 pennatiiu

470 722 698 763 maximam
732 731 893 776 partem
928 723 1038 762 inter
1072 721 1111 761 se
1147 722 1457 761 concurrendo.

348 809 418 848 :24.
454 796 752 837 Primahuius
790 796 933 836 fasciae
968 795 1072 835 fibra
1107 796 1157 835 ad
1194 794 1303 835 basin
1339 796 1507 847 cordis,
1552 807 1658 849 quac
1695 807 1751 834 ex
1782 795 1866 835 fine

472 859 532 899 fili
569 859 825 913 cartilaginei
862 859 1102 913 posterioris
1139 859 1287 899 oritur.

348 950 420 989 24.
461 950 532 987 24.
583 936 750 977 Vltima
793 936 985 976 eiusdem
1035 934 1163 987 fibra,
1213 947 1269 976 ex
1304 935 1515 989 principio
1550 935 1610 976 fili
1646 949 1869 990 emergen-

473 1010 525 1040 tis
561 1009 667 1040 orta.

347 1087 419 1126 25.
455 1075 553 1115 Pars
591 1075 735 1115 fasciae
773 1074 853 1114 basi
896 1075 1097 1129 propior,
1149 1075 1269 1115 cuius
1321 1075 1450 1116 fibrae
1504 1075 1592 1117 sere
1644 1078 1866 1130 parallelae

472 1153 547 1194 per
583 1139 697 1180 sedes
733 1138 830 1191 (26.
873 1140 965 1192 27.)
1002 1140 1266 1180 continuant.
1335 1139 1483 1180 Portio
1520 1140 1706 1193 longior.

348 1228 420 1268 25.
460 1231 531 1269 24.
573 1231 644 1269 24.
681 1217 779 1258 Pars
815 1217 1015 1269 inferior,
1051 1217 1169 1259 cuius
1207 1218 1334 1259 fibrae
1370 1219 1588 1273 pennatim
1626 1219 1664 1260 se
1701 1220 1750 1260 ad
1785 1219 1872 1274 pri·

474 1296 569 1323 ores
605 1283 828 1336 applicant.
898 1282 1045 1322 Portio
1083 1282 1267 1323 breuior.

350 1361 422 1398 26.
463 1371 534 1411 27.
573 1357 852 1399 Continuatio
887 1360 1098 1412 portionis
1135 1359 1305 1413 longae.

351 1443 424 1478 28.
460 1432 635 1473 Insertio
671 1433 795 1472 huius
831 1433 1040 1486 portionis
1075 1434 1116 1472 iu
1154 1446 1340 1472 erenum.

351 1522 424 1561 29.
466 1523 537 1559 29.
573 1508 721 1550 Fibrae
757 1508 966 1561 portionis
1003 1507 1144 1548 breuis
1179 1507 1285 1548 latae
1320 1506 1560 1562 longaeque
1598 1508 1647 1550 ad
1682 1510 1872 1564 priorem

476 1583 639 1627 partem
675 1572 713 1612 se
749 1572 1022 1626 appiicantes.

351 1662 426 1701 30.
463 1650 609 1692 Fibrae
645 1650 771 1704 partis
808 1648 999 1689 eiusdem
1035 1647 1278 1700 tenuiores,
1316 1648 1386 1689 sub
1422 1648 1636 1702 prioribus
1682 1648 1791 1703 quafi
1825 1661 1871 1690 e·

480 1725 745 1768 mergentes,
780 1713 1001 1767 parallelae
1036 1713 1187 1752 iisdem
1224 1713 1507 1754 continuatae.

355 1805 429 1842 31.
464 1793 611 1835 Fibrae
646 1792 819 1834 eaedem
853 1791 896 1831 in
931 1790 1173 1844 portionem
1208 1790 1381 1844 longam
1415 1790 1604 1830 insertae.

354 1884 422 1927 M.
457 1884 514 1925 A.
551 1885 610 1925 Ν.
645 1883 702 1925 D.
742 1896 814 1934 34.
855 1893 925 1933 57.
994 1881 1139 1924 Fibrae
1182 1882 1417 1932 ventrales.,
1469 1891 1644 1931 tenues,
1698 1888 1815 1922 ortae
1851 1894 1873 1923 a

482 1947 598 1997 stria‚
635 1949 735 1988 dum
771 1949 880 1988 circa
924 1947 1157 2000 marginem
1199 1946 1425 1987 ventriculi
1460 1945 1683 1987 fleetuntur
1719 1945 1871 1987 diuisae

482 2012 525 2052 in
562 2011 749 2052 fasciolas
784 2012 986 2052 minores.
1366 2016 1369 2017 ’

359 2100 434 2139 32.
474 2101 545 2140 24.
586 2101 655 2139 24.
694 2101 766 2137 33.
803 2088 947 2128 Prima.
976 2088 1123 2130 harum
1158 2089 1358 2130 fibrarum
1397 2086 1586 2138 fasciola,
1624 2086 1710 2127 fere
1746 2087 1873 2128 trian-

485 2153 664 2206 gularis,
717 2165 822 2207 quae
866 2152 986 2205 plane
1022 2153 1310 2205 transuersim,
1360 2162 1403 2193 et
1438 2151 1525 2193 fere
1561 2151 1873 2204 adscendendo‚

484 2217 625 2258 versus
661 2229 826 2257 crenam
861 2219 1145 2270 progreditur,
1183 2219 1300 2259 cuius
1321 2218 1449 2258 fibrae
1471 2218 1573 2258 dum
1600 2216 1873 2266 adscendunt,

484 2280 559 2323 sub
593 2280 707 2323 fibris
744 2281 886 2323 fasciae
920 2282 1207 2336 praecedentis
1243 2283 1472 2326 maximam
1508 2291 1670 2338 partem
1706 2281 1743 2320 se
1781 2279 1871 2320 sub-

756 2362 779 2369 ’·
1689 2345 1869 2392 ducunt,
