2007 2677
666 187 819 215 1-1-
854 167 1009 222 (279)
1043 186 1194 210 .-

193 301 238 340 3.
304 284 507 331 Nodulus
551 284 847 338 cartilagincus
881 282 1070 334 sinister,
1123 279 1197 334 qui
1231 287 1275 320 et
1308 277 1408 321 anas
1443 277 1615 341 craffior,
1643 275 1726 341 ¹effe

320 352 443 394 iolet.

193 434 235 470 4.
305 417 445 458 filum
481 413 803 468 cartilagiueum
851 412 1034 453 anterius
1070 409 1289 452 sinistrum.

195 509 271 546 5.
297 494 440 535 Radix
473 503 694 539 ramorum
729 490 799 532 seu
836 490 1012 533 ’ἁΙοιιιιτι
1045 489 1328 545 posteriorum
1364 486 1532 529 sinistra.

190 574 232 610 6.
297 568 563 622 Principium
600 569 739 608 trunci
775 580 993 608 ramorum
1030 565 1404 618 cartilagineorum
1426 563 1725 619 posteriorum.

315 633 400 674 Hic
438 643 641 685 truncus,
693 632 956 674 breuiffimus
979 662 993 684 ‚
1029 631 1103 672 sub
1137 630 1350 670 vorticem
1385 630 1427 671 in
1465 628 1726 684 speluncam,

318 697 505 751 quae‘in
542 698 619 738 hac
654 697 750 738 sede
788 697 942 748 datur,
993 703 1221 750 penetrat,
1273 702 1317 735 et
1351 694 1460 734 inter
1495 703 1725 744 vtrumque

315 762 449 803 finum
486 761 659 813 transit,
701 761 878 814 exitque
914 760 957 800 in
991 757 1217 813 posteriori
1255 756 1477 813 superficie
1513 770 1568 797 ex
1602 755 1726 802 simili

313 824 546 880 spelunca,
583 826 685 866 dum
723 825 880 867 diuisus
916 824 1125 866 continuo
1161 822 1286 877 bimos
1322 834 1490 875 ramos,
1525 820 1596 861 seu
1632 817 1729 870 fila,

319 891 589 943 cartilaginea
623 889 857 943 posteriora
886 889 1126 943 producit.

189 978 231 1017 7.
287 961 504 1004 Columna
551 974 704 1003 carnea
755 959 1048 1014 triangularis,
1086 972 1193 1012 quae
1230 960 1282 1003 ad
1316 957 1480 1013 septum
1515 955 1728 1012 pertinet,

319 1040 398 1081 qua
450 1036 567 1097 pau-te
620 1026 702 1066 hoc
757 1024 940 1065 liberum
975 1023 1032 1065 est
1067 1038 1089 1064 a
1123 1023 1366 1070 ventriculo
1419 1023 1599 1071 dextro,
1655 1018 1728 1072 qui

315 1089 474 1132 scilicet
510 1091 552 1130 in
589 1090 665 1131 hac
705 1088 798 1130 sede
838 1089 1017 1147 proprio
1052 1088 1212 1143 pariete
1251 1087 1472 1148 posteriori
1509 1085 1728 1129 instruCtus

317 1165 359 1195 et
387 1140 548 1209 partem
587 1154 849 1211 supremam,
880 1152 1116 1212 ‘separatam
1143 1151 1450 1206 mobilemque
1471 1149 1618 1199 efficit
1655 1160 1730 1188 co-

319 1232 421 1272 num
458 1218 750 1273 arteriosum,
784 1229 827 1259 et
862 1217 1025 1273 septum
1064 1217 1206 1258 cordis
1244 1216 1429 1291 liberum
1476 1215 1726 1268 nudumque

320 1283 553 1337 relinquit.
568 1285 571 1289 ’

193 1357 230 1393 8.
283 1347 403 1389 Fossa
456 1347 749 1401 traianguliris..
801 1360 914 1388 cono
951 1345 1154 1388 arterioso
1191 1345 1232 1386 in
1270 1346 1344 1386 situ
1382 1343 1559 1386 naturali
1596 1340 1727 1391 tedia,

315 1412 436 1482 simili
472 1412 635 1454 ratione
673 1412 723 1452 ad
759 1411 924 1465 septum
961 1411 1102 1473 cordis
1138 1411 1372 1464 pertinens.

223 1505 312 1545 .9.
354 1502 424 1528 10.
492 1487 640 1531 fibrae
695 1488 994 1530 circumflexae
1041 1489 1214 1529 dextrae
1239 1486 1487 1542 superiores
1524 1483 1594 1525 seu
1631 1481 1727 1537 pul-

280 1552 510 1594 'monales
562 1548 846 1607 posteriores,
888 1557 982 1608 qua
1010 1543 1149 1607 ‘parte
1199 1553 1242 1592 in
1287 1550 1509 1605 superficie
1566 1546 1725 1590 bafilari

320 1619 461 1659 cordis
498 1617 593 1658 sitae
627 1616 720 1658 sunt
755 1618 890 1671 (Tab.
929 1618 962 1658 Ι.
1000 1618 1068 1670 4)

190 1696 234 1734 9.
270 1697 314 1734 9.
369 1681 518 1723 Portio
571 1680 768 1734 longior,
823 1694 930 1737 quae
974 1681 1060 1723 sola
1105 1678 1216 1722 circa
1253 1693 1411 1722 conum
1447 1676 1725 1720 circumflexa

316 1748 358 1788 in
396 1746 658 1801 superiorem
712 1744 979 1801 superficiem
1025 1746 1193 1799 tranfit,
1245 1756 1339 1787 orta
1373 1759 1395 1787 a
1430 1743 1512 1785 bafi
1547 1742 1722 1784 arteriae

316 1812 590 1866 pulmonalis.

196 1885 265 1913 ιο.
301 1875 450 1915 Portio
489 1875 661 1916 breuior
697 1874 820 1914 huius
857 1875 1059 1928 musculi,
1099 1887 1205 1931 quae
1241 1884 1333 1917 orta
1367 1887 1422 1916 ex
1459 1872 1559 1915 soffa
1596 1871 1724 1912 trian-

320 1940 454 1992 gulari
493 1940 582 1992 (3.)
619 1939 668 1980 ad
705 1940 914 1980 aorucum
948 1942 1162 1983 minorem
1199 1941 1321 1994 (12.)
1348 1939 1397 1980 -se
1433 1937 1632 1993 applicat.

194 2027 264 2053 ιι.
317 2014 463 2067 Rima,
501 2029 604 2071 quae
642 2017 681 2057 in
719 2017 795 2058 hac
834 2016 928 2058 sede
961 2020 1190 2074 reperitur,
1225 2018 1297 2060 vbi
1333 2016 1511 2060 musculi
1547 2014 1629 2059 suis
1673 2010 1723 2050 fi·

320 2079 404 2119 bris
441 2080 688 2122 inseruntur.

196 2156 266 2182 12.
310 2156 378 2192 ¹3·
423 2158 492 2196 ¹4·
536 2158 605 2194 15.
648 2149 716 2185 16.
787 2146 1103 2191 Ciicumflexus
1156 2148 1370 2194 musculus
1423 2146 1572 2185 dexter
1616 2138 1723 2180 infc-

321 2208 433 2259 rior,
469 2209 550 2249 siue
589 2211 768 2251 arn-[icus
806 2212 949 2258 (Tab.
990 2213 1020 2253 1.
1062 2214 1125 2267 5.)
1180 2225 1298 2264 ortus
1335 2226 1356 2253 a
1390 2210 1521 2251 latere
1568 2206 1722 2247 dextro

319 2271 420 2314 bafis
458 2284 624 2328 nortae,
660 2277 768 2318 circa
805 2291 961 2320 conum
998 2278 1150 2328 flexus.

1648 2346 1719 2372 ιι.
