2007 2677
817 197 1163 254 =·-·-·=·—··-(324)
1190 208 1345 231 ·-“·-·

473 311 507 364 ᾗ.
548 322 587 350 2.
655 308 832 363 interim
867 306 1024 352 accidit’
1052 312 1193 353 mense
1228 314 1390 356 Martio
1430 324 1566 368 1785,
1600 326 1647 359 vt
1674 317 1730 359 D.
1754 317 1875 362 Con·¹

281 374 452 419 filiarius
490 374 716 428 collegi0r;
750 373 931 428 Ladygin
966 389 1021 417 ex
1054 376 1167 418 Alba
1200 378 1335 420 Ruffia
1370 381 1627 422 Academiae
1656 381 1870 437 Imperiali

281 440 563 482 scientiarum
598 452 731 493 aeque
766 453 812 480 ac
848 439 1053 481 Societati
1074 438 1369 484 Oeconomiae
1395 443 1736 499 Petropolitauae
1774 449 1871 487 mit·-

279 513 387 544 teret
420 503 647 557 specimina
682 502 771 544 salis
808 504 1014 556 alffiffimi,
1049 518 1125 558 per
1160 505 1369 548 fusionem
1405 509 1671 561 consolidati,
1710 511 1761 550 de
1784 524 1870 564 quo

278 565 537 618 nunciabat,
583 581 605 608 a
639 567 686 607 se
707 559 930 609 ‘inuentam
964 569 1219 610 methodum
1255 571 1501 613 huiusmodi
1538 573 1663 613 salem
1698 571 1870 627 parandi
1901 582 1909 589 ‘

277 645 301 673 e
337 632 469 673 maffis
505 631 659 683 salinis,
696 632 952 686 saponarior.
987 633 1031 673 in
1067 633 1248 675 officinis
1268 635 1317 676 ab
1339 635 1588 687 exstillante,
1621 634 1740 677 laesis
1770 639 1869 679 ahe-

276 697 341 737 nis
378 706 421 737 et
455 709 552 737 cum
589 697 798 737 cineribus
835 700 1101 740 coalescente
1135 698 1289 740 lixiuio
1326 700 1457 750 ortis,
1496 712 1596 752 quas
1632 699 1741 740 Ruffi
1778 700 1869 751 Wy-

276 760 420 801 warka
455 760 682 814 appellant.
750 761 821 802 Ab
858 761 1096 802 Academia
1130 763 1452 816 tuneparster,
1489 771 1615 816 atque
1653 762 1867 806 Societate

278 822 579 865 Oeconomica
630 825 846 864 commissa
880 824 985 864 mihi
1023 822 1102 864 fuit
1146 826 1424 880 Ladyginiani
1471 825 1561 866 salis
1599 826 1867 880 disquisitio,

278 900 360 942 qua
396 888 550 941 didici,
585 886 712 928 salem
745 887 868 928 illum
903 887 1012 928 nihil
1046 888 1264 942 effe,.nifi
1296 888 1526 930 Salaria-um
1559 889 1695 945 probe
1732 891 1867 946 depu-

272 962 426 994 ratum.

466 1076 830 1133 Quandoquidem
864 1090 969 1121 vero
1005 1092 1061 1122 ex
1095 1077 1283 1134 allegatis
1318 1079 1594 1121 relationibus
1634 1080 1758 1122 fimul
1792 1095 1866 1135 pa-

271 1150 363 1183 tet:
433 1140 663 1184 Salaricum
715 1143 757 1183 in
809 1141 943 1185 Ruffia
978 1145 1246 1185 meridionali
1291 1154 1333 1185 et
1376 1145 1571 1185 orientali
1607 1158 1692 1185 non
1729 1147 1861 1198 magis

274 1219 399 1261 quam
434 1207 476 1247 in
511 1207 687 1261 Europa
720 1207 967 1261 innotuisse,
1004 1218 1046 1249 et
1081 1222 1213 1264 quum
1247 1218 1290 1249 et
1324 1209 1590 1249 itineratores
1627 1209 1751 1249 nostri
1772 1239 1785 1261 ,
1821 1218 1863 1249 et

270 1271 407 1311 exteri
443 1273 630 1312 auctores
667 1273 718 1312 de
755 1285 807 1312 eo
843 1273 965 1326 plane
1002 1273 1168 1321 fileant;
1203 1273 1308 1314 vtile
1345 1273 1436 1314 fore
1471 1286 1594 1324 reor⁷
1630 1273 1657 1312 fi
1693 1273 1863 1326 experi-

268 1345 411 1375 menta
453 1344 495 1376 et
539 1336 855 1377 obseruationes
903 1351 1017 1379 meas
1055 1339 1164 1379 circa
1199 1338 1312 1378 hunc
1350 1337 1473 1378 salem
1509 1338 1550 1377 in
1588 1335 1740 1378 fusoria
1775 1346 1860 1378 arte

267 1399 501 1440 admodum
553 1401 704 1439 vtilem
753 1400 914 1452 publici
957 1403 1057 1442 iuris
1096 1401 1254 1442 fecero.
1339 1401 1648 1454 Experimenta
1686 1401 1859 1455 quidem

266 1463 382 1517 prius
433 1462 620 1514 institui,
672 1472 897 1516 antequam
950 1465 1000 1504 de
1052 1465 1215 1517 origine
1253 1463 1375 1503 huius
1413 1464 1504 1504 salis
1542 1465 1696 1504 certior
1731 1465 1859 1506 essem

268 1526 421 1575 sactum
458 1527 572 1567 malo
609 1536 766 1578 autem,
805 1540 908 1581 quae
945 1529 996 1568 de
1032 1527 1346 1581 praeparatione
1383 1528 1472 1568 eius
1508 1529 1648 1582 postea
1684 1529 1853 1579 edidici,

264 1592 381 1645 prius
417 1604 650 1645 exponere,
690 1604 821 1645 quum
855 1591 908 1632 fic
944 1593 1232 1646 experimenta
1259 1591 1396 1644 aliqua
1431 1590 1638 1647 superflua
1657 1593 1853 1633 omittere

265 1664 309 1696 et
344 1655 516 1696 breuior
551 1656 630 1696 effe
665 1656 845 1710 poffum.

456 1783 492 1838 ᾗ.
531 1795 573 1832 3.
641 1783 818 1825 Nomen
852 1783 983 1826 Ruffis
1018 1784 1211 1825 vfitatum
1247 1781 1505 1835 (salaricum
1538 1782 1606 1823 vel
1641 1780 1851 1835 Salarka)

264 1846 434 1888 videtur
484 1849 757 1900 corruptione
807 1848 927 1889 vocis
978 1846 1056 1889 Sal
1096 1846 1231 1889 Alo-ali
1281 1858 1422 1888 ortum
1460 1847 1637 1894 debere3
1691 1846 1850 1887 etenim

264 1909 498 1962 aurifabri,
525 1911 687 1964 ,quibus
724 1912 891 1953 rufficus
927 1912 998 1952 ille
1034 1913 1087 1954 sal
1124 1912 1315 1953 nondum
1349 1913 1536 1952 innotuit
1558 1942 1568 1958 ,
1608 1923 1688 1964 pro
1724 1909 1850 1951 fufio-

263 1987 316 2018 ne
352 1975 570 2016 limaturae
606 1977 877 2017 metallorum
911 1974 989 2016 Sal
1020 1977 1155 2018 Alc-ali
1189 1977 1440 2029 depuratum
1475 1975 1675 2016 adhibere
1698 1974 1847 2015 solent.

262 2037 526 2091 Salaria-um,
559 2047 606 2079 vt
639 2040 716 2080 hac
752 2039 1032 2094 appellatione
1068 2041 1239 2082 interim
1273 2051 1388 2091 vtar,
1427 2041 1544 2094 quod
1577 2040 1712 2093 vulgo
1746 2051 1847 2092 pro-

261 2102 368 2157 stat,
424 2103 625 2158 quodque
675 2105 915 2144 testimonio
959 2104 1169 2147 seniorum
1213 2104 1521 2146 aurifabrorum
1556 2104 1639 2144 iam
1674 2112 1789 2144 retro
1825 2116 1846 2145 a

262 2168 432 2220 triginta
464 2168 563 2209 inde
599 2167 713 2208 annis
749 2169 790 2208 in
826 2167 898 2209 vsu
933 2170 1012 2210 effe
1047 2171 1205 2224 coepit,
1244 2179 1447 2223 quantum
1482 2168 1531 2209 ab
1554 2167 1699 2209 amicis
1721 2167 1846 2208 Mos-

261 2244 389 2273 cuae-
415 2232 665 2287 degentibus
716 2231 876 2290 rescire,
913 2234 1070 2286 potui,
1121 2249 1142 2276 a
1176 2234 1332 2274 rusticis
1368 2234 1411 2273 in
1447 2233 1699 2287 qui-busdam
1735 2231 1844 2272 circa

255 2294 487 2339 Moscuam
535 2297 617 2338 fitis
667 2297 784 2351 pagis
834 2297 1076 2338 viuentibus
1125 2307 1407 2353 praeparatur.
1476 2297 1584 2340 Sunt
1625 2305 1764 2337 autem
1799 2294 1873 2346 hi·

1723 2356 1843 2400 tusti-

1925 543 1935 579 Q.-
