2007 2677
338 340 412 425 47.
465 383 613 425 Fibrae
664 379 900 435 superiores
946 377 1019 418 sub
1069 378 1397 432 praecedentem
1433 379 1646 422 fasciolam
1682 381 1720 424 se
1757 383 1865 425 reci-

334 526 411 564 49·

336 600 409 639 50.

336 725 408 765 50.

336 1014 411 1054 54·

335 1470 409 1514 57·

335 1599 408 1641 57·

334 1661 407 1703 58-

814 199 1153 254 ——412683
1189 214 1340 228 —-

449 315 682 362 Terminus
719 312 912 355 fasciolae
948 312 1141 354 inferior.

463 455 645 501 pientes.

447 511 703 561 Inferiores,
743 520 849 564 quae
886 506 1184 549 descendendo
1217 509 1261 548 in
1297 522 1465 550 crenam
1502 507 1732 549 transeunt.

450 596 522 635 51.
574 582 760 625 Fasciola
795 581 961 634 angusta
997 591 1086 624 tota
1121 581 1376 622 adscendens
1414 592 1589 639 totaque
1626 583 1706 625 suis
1743 584 1863 627 fibris

460 648 533 689 sub
568 648 756 703 priorem
793 645 1006 688 fasciolam
1040 646 1080 688 se
1115 645 1341 701 recipiens.

445 713 681 753 Terminus
717 708 908 751 inferior.

401 815 410 825 .
448 785 595 826 Fibrae
631 784 704 824 sub
741 781 907 822 fasciam
941 781 1270 836 praecedentem
1305 779 1344 821 fe
1380 781 1657 834 recipientes.

338 875 411 915 52.

451 873 524 912 53.
576 859 871 914 Angustiffima
922 857 1090 900 fasciola
1141 858 1396 902 adscendens
1448 858 1653 913 fibrisque
1707 859 1745 900 se
1792 859 1866 901 sub

459 926 650 981 priorem
685 921 899 964 fasciolam
934 935 1069 976 prope
1105 934 1275 961 crenam
1309 921 1535 974 recipiens.

450 1012 523 1051 55.
562 1003 635 1048 56.
688 998 826 1038 Fascia
877 998 1002 1038 latior
1053 996 1313 1050 triangularis
1350 996 1467 1037 fibris
1505 998 1744 1040 transuersis
1789 997 1863 1040 sub

459 1064 591 1117 priori
628 1061 795 1103 fasciola
822 1061 1146 1115 emergentibus
1181 1061 1226 1101 in
1263 1073 1432 1102 crenam
1466 1061 1646 1102 insertis.

445 1122 679 1168 Terminus
714 1124 908 1166 inferior.

401 1221 410 1231 .
459 1191 605 1246 Fibrae
641 1189 893 1245 posteriores
945 1188 1232 1241 breuissimae,
1284 1188 1389 1229 ficut
1423 1188 1587 1230 mediae
1624 1187 1695 1229 sub
1730 1187 1864 1242 priori

462 1254 631 1297 fasciola
667 1263 963 1307 emergentes,
998 1254 1041 1293 in
1078 1266 1249 1294 crenam
1282 1253 1475 1294 insertae.

444 1333 593 1375 Fibrae
644 1331 868 1374 inferiores
906 1344 927 1372 a
960 1332 1149 1386 margine
1183 1331 1411 1373 ventriculi
1462 1340 1578 1372 ortae
1613 1329 1656 1371 in
1694 1340 1864 1371 crenam

461 1398 718 1437 transientes.

448 1470 520 1511 54.
559 1469 632 1510 58.
686 1459 850 1501 Vltima
894 1457 1039 1507 fascia,
1093 1469 1115 1497 a
1148 1457 1240 1498 stria
1275 1464 1367 1497 orta
1400 1456 1443 1496 in
1480 1470 1648 1499 cren-am
1686 1457 1866 1511 inserta,

461 1524 576 1565 fibris
614 1524 801 1565 constans
838 1520 1198 1562 transuersalibus,

446 1588 679 1630 Terminus
715 1587 905 1628 inferior.

444 1652 663 1694 Fibrarum
696 1652 851 1707 partim
884 1650 928 1690 in
962 1648 1153 1704 priorem
1190 1648 1381 1703 fasciam,
1415 1649 1568 1705 partim
1603 1651 1858 1702 mesenam,

457 1717 644 1759 insertio.

462 1811 626 1855 Omnes
662 1813 740 1855 hae
777 1811 968 1854 fasciolae
1004 1810 1213 1851 ventrales
1248 1810 1470 1852 variabiles
1516 1808 1623 1850 sunt.
1693 1808 1858 1849 Exem-

267 1874 388 1928 plum
424 1879 724 1919 tantummodo
775 1877 1030 1917 indicatione
1066 1888 1208 1916 earum
1243 1874 1420 1915 exhibui
1456 1874 1600 1925 modi,
1641 1887 1726 1927 quo
1767 1871 1856 1912 sere

269 1939 455 1979 distribui
491 1950 533 1980 et
568 1942 701 1982 diuidi
751 1940 880 1981 fibrae
931 1940 1140 1980 ventrales
1176 1940 1219 1979 in
1253 1938 1496 1979 Vniuersum
1533 1937 1685 1978 solent.
1756 1936 1858 1978 Sola

268 2016 362 2056 pars
397 2004 594 2056 proxima
628 2005 735 2058 apici
772 2006 867 2058 (50.
906 2015 978 2052 51.
1017 2007 1111 2057 57.)
1148 2003 1336 2045 constans
1373 2003 1452 2042 effe
1487 2002 1682 2052 videtur,
1730 2012 1856 2054 quam

269 2067 368 2107 ideo
398 2080 420 2107 a
453 2069 801 2121 praecedentibus
840 2065 1043 2119 fasciolis,
1078 2069 1314 2109 ventralem
1350 2066 1516 2108 fasciam
1551 2064 1852 2118 efficientibus,

270 2131 443 2172 nomine
482 2131 626 2174 fasciae
662 2133 790 2187 apicis
827 2131 1076 2185 distinguere
1110 2133 1262 2187 posses.

293 2280 295 2283 .
339 2237 412 2278 59·

449 2237 530 2272 etc.
565 2250 630 2257 —
667 2237 737 2277 85.
806 2227 1025 2268 Fibrarum
1058 2228 1282 2270 ventriculi
1317 2227 1458 2268 finistri
1494 2226 1603 2268 ordo
1632 2224 1859 2274 secundus,

461 2290 532 2333 seu
567 2292 705 2348 funes,
744 2292 815 2348 qui
850 2291 934 2335 orti
969 2304 991 2334 a
1025 2290 1100 2334 file
1136 2293 1411 2349 cartilagineo
1446 2290 1646 2336 anteriori
1678 2288 1854 2352 finistro3

587 2367 595 2370 “
1781 2350 1856 2391 lati
