2007 2677
664 208 817 229 --··
849 193 1004 255 (329)
1036 210 1190 228 —

181 334 228 372 4.
263 311 583 372 Euaporatione
618 312 837 356 obtinetur
870 312 970 355 inde
1004 311 1061 356 sal
1095 314 1255 367 flauus,
1291 310 1361 355 cui

189 424 231 463 5.
267 409 516 452 Instillatum
568 404 716 447 oleum
750 404 914 448 viti-ioli
964 417 1171 462 vaporem
1224 405 1333 447 acidi
1384 399 1595 448 muriatici
1646 417 1727 451 ex·

313 473 441 515 torsit.
689 475 692 480 '

186 556 229 594 6.
265 549 348 591 Hic
394 546 464 588 Sal
516 545 640 587 facile
695 545 871 587 fusibilis
933 545 1015 600 est,
1069 545 1268 603 fususque
1329 547 1506 603 praebet
1554 550 1725 592 massam

308 612 541 663 bruneam,
578 609 814 663 foetidam,
851 610 974 664 isque

179 719 224 759 7.
261 702 405 744 foetor
457 701 622 756 hepatis
675 700 886 756 sulphuris
937 703 1130 744 aemulus
1181 715 1258 758 per
1293 703 1411 745 acida
1445 703 1571 747 affusa
1606 705 1725 750 exal·

307 776 434 808 tatur.

183 857 224 894 g.
259 846 387 899 Aqua
438 842 617 886 soluitur
652 842 961 898 promptissime
998 850 1041 884 et
1074 814 1215 885 lutum
1249 843 1543 900 putrilagiuofi
1578 847 1725 889 odoris

308 911 351 951 in
387 907 502 949 filtro
537 907 756 960 relinquit.

182 1018 226 1056 9.
263 1001 416 1044 Iterata
466 998 777 1052 inspiffatione‚
832 996 1045 1039 solutione
1081 1006 1124 1038 et
1166 997 1424 1052 filtratione,
1476 1001 1650 1043 tandem
1684 1015 1731 1045 e-

312 1064 452 1106 mersit
487 1063 643 1104 solutio
680 1063 990 1118 limpidiffima.,
1026 1063 1147 1104 omni
1183 1065 1318 1106 odore
1355 1078 1501 1106 vacua.

311 1195 423 1236 Bafis
459 1193 587 1235 huius
623 1193 714 1236 salis
745 1192 802 1234 est
837 1192 892 1235 sal
927 1193 1201 1247 muriaticus‚
1237 1195 1304 1236 cui
1341 1193 1593 1237 accesserant
1625 1209 1731 1251 por·

119 1260 333 1304 tiunculae
387 1261 491 1301 uatri
529 1259 833 1314 phosphorati‚
886 1259 1150 1313 aliquantum
1196 1258 1569 1315 superabundantis
1607 1263 1728 1304 alcali

118 1326 368 1382 vegetabilis
405 1335 447 1365 et
482 1325 624 1365 sordes
660 1324 937 1379 piuguinosae
973 1326 1211 1379 plurimae,
1260 1326 1414 1381 quibus
1451 1328 1562 1369 odor
1598 1327 1730 1381 hepa-

119 1395 170 1433 tis
208 1389 416 1444 sulphuris
470 1389 595 1430 tribui
647 1390 764 1444 poss'e
799 1390 983 1430 videtur.
1054 1391 1098 1432 A
1133 1390 1307 1433 Salarici
1353 1401 1499 1434 natura
1546 1392 1728 1433 omnino

120 1467 207 1498 erat
243 1453 469 1497 diuersum.

677 1556 1083 1622 Experimentum
1117 1566 1160 1613 8.

314 1638 509 1694 Vulgare
573 1636 770 1680 lixiuium
833 1640 1155 1695 saponariorum
1209 1651 1341 1694 quum
1396 1653 1481 1681 non
1536 1642 1636 1682 esset
1685 1642 1729 1684 in

123 1714 355 1760 promptu,
410 1704 514 1744 solui
571 1703 739 1757 triginta
772 1707 916 1747 vncius
972 1705 1061 1746 salis
1099 1705 1218 1746 alcali
1257 1705 1474 1758 depurati;
1526 1706 1729 1749 lixiuium

125 1783 207 1823 ope
245 1770 368 1810 calcis
398 1769 519 1810 viuae
551 1768 776 1809 causticum
811 1771 1001 1821 reddidi2
1032 1772 1074 1810 in
1111 1783 1251 1825 eoque
1289 1771 1388 1811 coxi
1424 1771 1566 1813 vncias
1605 1774 1731 1828 quin-

127 1835 265 1874 decim
303 1834 385 1874 seui
423 1834 568 1883 ouini,
623 1834 672 1874 ud
710 1835 1102 1887 stiponificationem
1155 1848 1319 1889 vsque,
1372 1837 1564 1890 horaque
1609 1852 1731 1893 prae-

129 1898 301 1951 terlapsa
354 1899 550 1940 lixiuium
603 1911 702 1939 cum
755 1900 889 1940 vnciis
945 1901 1190 1955 quindecim
1243 1900 1332 1941 fiilis
1387 1903 1600 1943 muri-„ttici
1651 1905 1732 1944 ite-

127 1977 220 2005 rum
258 1975 371 2003 cox1.

323 2091 541 2133 Lixiuium
579 2093 734 2134 flauum
769 2092 842 2134 sub
879 2094 1032 2149 sapone
1063 2096 1289 2138 collcstum
1327 2097 1368 2138 in
1405 2095 1520 2135 filtro
1559 2095 1735 2150 reliquit

131 2158 269 2197 lutum
315 2157 553 2209 virescens,
601 2159 715 2213 quod
751 2159 1046 2202 edulcoratum
1083 2162 1237 2204 vnciuli
1277 2161 1353 2202 fuit
1389 2160 1591 2212 pondere.
1632 2160 1733 2203 Cal-

133 2223 319 2262 ciuatum
355 2222 579 2275 vrebatur,
631 2231 676 2264 vt
711 2232 875 2266 tantum
909 2225 1123 2270 semuncia
1169 2238 1302 2269 terrae
1340 2225 1549 2265 calcarcae
1586 2225 1731 2282 super-

130 2287 243 2326 effer.

194 2379 315 2423 Noua
333 2381 437 2423 Αέῖα
456 2383 586 2426 Acad.
606 2384 707 2442 Imp.
726 2384 796 2428 Sc.
814 2387 857 2430 T.
879 2388 914 2429 Ι.
1242 2383 1287 2425 T
1323 2391 1340 2424 t
1609 2387 1730 2430 Idem
