2007 2677
638 186 1177 242 -=(271)--

181 313 253 353 8‘2.
292 304 480 362 Quartus
517 300 654 354 funis,
690 302 741 343 ab
778 302 926 344 arteria
963 303 1187 344 coronaria
1234 301 1381 341 tectus.

180 394 253 435 83.
295 393 367 434 84.
423 381 536 423 Tres
587 378 717 419 fibrae
770 379 1076 426 cohaerentes,
1140 379 1428 430 laminamque
1479 371 1714 415 efficientes

305 458 524 495 carneam,
575 444 619 484 in
655 457 758 497 quas
796 442 907 483 funis
944 444 1016 484 ille
1054 445 1192 497 (82.)
1236 441 1510 498 expanditur.
1596 439 1716 480 Haec

301 511 456 552 lamina
506 508 687 549 confluit
738 508 960 549 sinisterius
1015 521 1112 550 cum
1156 521 1276 550 ramo
1312 506 1451 560 (72.)
1496 504 1715 546 dexterius

299 586 399 615 cum
434 574 590 614 lamina
627 586 775 615 carnea
811 574 940 627 (87.)
979 587 1060 628 qua
1095 574 1244 614 arteria
1281 574 1466 625 tegitur,
1512 582 1610 610 cum
1647 581 1716 610 ea-

301 651 397 692 que·
429 651 535 680 mox
578 652 704 681 tuam
756 639 1007 680 continuam
1042 639 1244 680 laminam
1281 636 1439 688 efficit,
1493 645 1585 676 tum
1621 633 1717 674 sub-

299 704 428 745 iet‘iac
481 705 592 745 carni
647 704 984 754 adhaerentem,
1037 713 1128 744 tum
1182 713 1424 743 connexam
1475 713 1558 754 ope
1610 697 1716 739 rami

302 767 423 821 (72.)
461 782 559 809 cum
597 766 766 810 funibus
804 766 1120 822 superioribus,
1144 803 1147 806 .
1171 768 1367 819 adeoque
1405 776 1504 804 cum
1540 763 1717 804 caeteris

298 832 414 874 fibris
450 833 675 874 ventriculi
728 832 870 873 sinistri
925 831 1159 873 confusam.
1231 827 1540 873 Sic'nimirum
1592 827 1717 867 variis

300 898 534 939 rationibus
571 898 699 938 fibrae
735 898 963 938 ventriculi
999 897 1142 939 sinistri
1177 905 1380 939 externae
1414 893 1525 934 inter
1545 891 1585 932 se
1612 904 1720 932 con-

302 975 436 1003 nexae
473 963 553 1003 ess‘e
591 961 742 1002 solent.

179 1047 252 1090 85.
291 1039 527 1080 Terminus
564 1037 743 1078 inferior
776 1037 964 1091 regionis
1001 1036 1169 1079 funium
1206 1036 1278 1077 seu·
1309 1035 1514 1076 fibrarum
1552 1032 1718 1074 ordinis

305 1104 503 1153 secundi,
556 1116 663 1157 quae
699 1101 766 1143 sua
803 1102 1096 1144 distributione
1149 1111 1315 1157 partem
1351 1100 1633 1155 posteriorem
1668 1096 1719 1136 fi-

305 1168 656 1222 nistcrioremque
695 1168 919 1209 ventriculi
956 1168 1096 1208 finistri
1134 1176 1363 1221 occupant.
1443 1164 1622 1206 Lamina
1657 1171 1720 1202 ta-

303 1246 402 1275 men
439 1233 570 1287 (87.)
621 1233 855 1288 plurimum
907 1232 1077 1274 confert
1112 1233 1165 1274 ad
1208 1245 1277 1274 eas
1314 1230 1466 1282 fibras,
1521 1239 1628 1282 quae
1666 1226 1717 1266 ad

306 1298 419 1339 hunc
456 1298 685 1338 terminum
722 1311 855 1352 vsque
893 1297 1182 1338 ventriculum
1219 1306 1383 1350 tegunt.

182 1373 253 1415 86.
294 1378 365 1420 87.
407 1377 477 1414 88.
519 1378 589 1418 89.
625 1381 703 1418 90.
738 1382 816 1420 91.
853 1381 930 1420 92.
966 1382 1043 1420 93·
1080 1384 1157 1421 94.
1198 1379 1281 1420 95.
1352 1365 1503 1408 Fibrae
1556 1360 1721 1404 ordinis

305 1443 431 1474 tertii.

182 1500 255 1544 86.
295 1507 367 1546 85.
402 1495 541 1538 Fascia
575 1496 775 1537 fibrarum
813 1511 833 1539 a
870 1497 1025 1539 lamina
1062 1495 1184 1551 (87.)
1221 1509 1242 1538 a
1278 1496 1395 1538 fibris
1434 1494 1533 1549 (83.
1567 1491 1662 1546 84.)
1699 1505 1722 1534 a

307 1575 427 1603 ramo
464 1560 593 1614 (72.)
629 1572 671 1602 et
706 1562 823 1603 fibris
860 1562 967 1617 (78.
1006 1562 1131 1616 79.),
1175 1558 1286 1602 inter
1322 1561 1361 1602 se
1398 1558 1720 1602 confluentibus

308 1627 469 1668 effecta.
518 1641 522 1645 ·

183 1701 256 1745 87.
294 1692 467 1732 Iumina
504 1702 652 1730 carnea
687 1703 742 1732 ex
777 1692 893 1733 fibris
938 1693 1092 1747 partim
1125 1691 1352 1732 ventriculi
1391 1688 1531 1730 dextri
1570 1686 1718 1739 (z.<9.

315 1757 411 1809 xe.)
464 1756 734 1806 continuata,
786 1758 938 1809 partim
975 1771 1030 1798 ex
1065 1757 1313 1810 interruptis
1350 1756 1416 1796 his
1452 1753 1570 1794 fibris
1608 1749 1720 1804 quast

310 1831 429 1870 orta,
467 1833 572 1874 quae
610 1819 752 1873 pontis
786 1821 908 1864 instar
934 1822 1057 1878 super
1078 1822 1273 1864 arteriam
1300 1819 1571 1862 coronarium
1608 1826 1722 1858 tran·

311 1885 383 1935 fit,
419 1897 599 1938 eamque
638 1885 763 1938 tegit.

187 1968 259 2006 88.
297 1959 343 2001 ln
380 1961 457 2001 hac
495 1960 589 2001 sede
627 1960 755 2002 fibrae
791 1961 994 2016 laminae5
1031 1964 1227 2006 arteriam
1247 1963 1459 2018 tegentis,
1488 1960 1719 2002 maximam

312 2035 475 2079 partem
511 2025 584 2065 sub
620 2024 734 2068 fibris
771 2027 877 2078 (82.
919 2038 990 2078 83.
1032 2031 1127 2083 84.)
1163 2041 1360 2085 receptae
1397 2026 1621 2082 disparent.

186 2112 259 2154 89.
302 2111 372 2152 89.
411 2116 485 2153 90.
523 2115 598 2153 91.
635 2102 853 2156 Secunda,
893 2120 999 2162 quae
1035 2109 1300 2162 aliquatenus
1338 2103 1530 2157 distingui
1568 2096 1722 2154 potest,

313 2167 514 2208 fibrarum
575 2167 719 2222 fascia,
770 2171 888 2213 cuins
941 2173 1074 2214 fibrae
1107 2175 1163 2215 ita
1199 2174 1247 2214 ad
1286 2173 1447 2226 apicem
1492 2162 1719 2205 ventriculi

311 2232 504 2274 radiatim
556 2245 840 2289 concurrunt,
889 2248 946 2277 vt·
970 2240 1073 2281 aliae
1110 2239 1317 2279 continuo
1353 2235 1402 2275 ad
1439 2231 1538 2274 alias
1574 2229 1613 2271 se
1650 2241 1723 2283 ap·

312 2297 506 2353 plicent,
541 2298 733 2356 adeoque
768 2303 810 2344 in
846 2302 1000 2345 itinere
1038 2302 1301 2345 euancscant.

1647 2365 1718 2412 89·
